%YAML 1.1
%TAG !u! tag:unity3d.com,2011:
--- !u!91 &9100000
AnimatorController:
  m_ObjectHideFlags: 0
  m_PrefabParentObject: {fileID: 0}
  m_PrefabInternal: {fileID: 0}
  m_Name: SeriousGuyController 1
  serializedVersion: 2
  m_AnimatorParameters:
  - m_Name: Speed
    m_Type: 1
    m_DefaultFloat: 0
    m_DefaultInt: 0
    m_DefaultBool: 0
    m_Controller: {fileID: 9100000}
  - m_Name: RunRightStrafe
    m_Type: 9
    m_DefaultFloat: 0
    m_DefaultInt: 0
    m_DefaultBool: 0
    m_Controller: {fileID: 9100000}
  - m_Name: RunSlide
    m_Type: 9
    m_DefaultFloat: 0
    m_DefaultInt: 0
    m_DefaultBool: 0
    m_Controller: {fileID: 9100000}
  - m_Name: RunJump
    m_Type: 9
    m_DefaultFloat: 0
    m_DefaultInt: 0
    m_DefaultBool: 0
    m_Controller: {fileID: 9100000}
  - m_Name: RunLeftStrafe
    m_Type: 9
    m_DefaultFloat: 0
    m_DefaultInt: 0
    m_DefaultBool: 0
    m_Controller: {fileID: 9100000}
  - m_Name: BackwardDeath
    m_Type: 9
    m_DefaultFloat: 0
    m_DefaultInt: 0
    m_DefaultBool: 0
    m_Controller: {fileID: 9100000}
  - m_Name: ForwardDeath
    m_Type: 9
    m_DefaultFloat: 0
    m_DefaultInt: 0
    m_DefaultBool: 0
    m_Controller: {fileID: 9100000}
  - m_Name: ScooterTransform
    m_Type: 4
    m_DefaultFloat: 0
    m_DefaultInt: 0
    m_DefaultBool: 0
    m_Controller: {fileID: 9100000}
  - m_Name: Restart
    m_Type: 9
    m_DefaultFloat: 0
    m_DefaultInt: 0
    m_DefaultBool: 0
    m_Controller: {fileID: 9100000}
  - m_Name: RunJumpRoll
    m_Type: 9
    m_DefaultFloat: 0
    m_DefaultInt: 0
    m_DefaultBool: 0
    m_Controller: {fileID: 9100000}
  - m_Name: RunSlideRoll
    m_Type: 9
    m_DefaultFloat: 0
    m_DefaultInt: 0
    m_DefaultBool: 0
    m_Controller: {fileID: 9100000}
  - m_Name: GladiatorTransform
    m_Type: 4
    m_DefaultFloat: 0
    m_DefaultInt: 0
    m_DefaultBool: 0
    m_Controller: {fileID: 9100000}
  m_AnimatorLayers:
  - serializedVersion: 3
    m_Name: Base Layer
    m_StateMachine: {fileID: 110700000}
    m_Mask: {fileID: 0}
    m_BlendingMode: 0
    m_SyncedLayerIndex: -1
    m_StateMachineMotionSetIndex: 0
    m_DefaultWeight: 0
    m_IKPass: 0
    m_SyncedLayerAffectsTiming: 0
    m_Controller: {fileID: 9100000}
--- !u!1101 &110100000
Transition:
  m_ObjectHideFlags: 3
  m_PrefabParentObject: {fileID: 0}
  m_PrefabInternal: {fileID: 0}
  m_Name: 
  m_SrcState: {fileID: 110200000}
  m_DstState: {fileID: 110200753}
  m_TransitionDuration: .400000006
  m_TransitionOffset: 0
  m_Conditions:
  - m_ConditionMode: 1
    m_ConditionEvent: RunSlide
    m_EventTreshold: 0
    m_ExitTime: .600000024
  m_Atomic: 1
  m_Solo: 0
  m_Mute: 0
--- !u!1101 &110100550
Transition:
  m_ObjectHideFlags: 3
  m_PrefabParentObject: {fileID: 0}
  m_PrefabInternal: {fileID: 0}
  m_Name: 
  m_SrcState: {fileID: 0}
  m_DstState: {fileID: 110200000}
  m_TransitionDuration: .100000001
  m_TransitionOffset: 0
  m_Conditions:
  - m_ConditionMode: 1
    m_ConditionEvent: Restart
    m_EventTreshold: 0
    m_ExitTime: .899999976
  m_Atomic: 1
  m_Solo: 0
  m_Mute: 0
--- !u!1101 &110100988
Transition:
  m_ObjectHideFlags: 3
  m_PrefabParentObject: {fileID: 0}
  m_PrefabInternal: {fileID: 0}
  m_Name: 
  m_SrcState: {fileID: 0}
  m_DstState: {fileID: 110292758}
  m_TransitionDuration: .100000001
  m_TransitionOffset: 0
  m_Conditions:
  - m_ConditionMode: 1
    m_ConditionEvent: ForwardDeath
    m_EventTreshold: 0
    m_ExitTime: .899999976
  m_Atomic: 1
  m_Solo: 0
  m_Mute: 0
--- !u!1101 &110101093
Transition:
  m_ObjectHideFlags: 3
  m_PrefabParentObject: {fileID: 0}
  m_PrefabInternal: {fileID: 0}
  m_Name: 
  m_SrcState: {fileID: 0}
  m_DstState: {fileID: 110292758}
  m_TransitionDuration: .100000001
  m_TransitionOffset: 0
  m_Conditions:
  - m_ConditionMode: 1
    m_ConditionEvent: ForwardDeath
    m_EventTreshold: 0
    m_ExitTime: .899999976
  m_Atomic: 1
  m_Solo: 0
  m_Mute: 0
--- !u!1101 &110102512
Transition:
  m_ObjectHideFlags: 3
  m_PrefabParentObject: {fileID: 0}
  m_PrefabInternal: {fileID: 0}
  m_Name: 
  m_SrcState: {fileID: 110210637}
  m_DstState: {fileID: 110280706}
  m_TransitionDuration: .74999994
  m_TransitionOffset: 0
  m_Conditions:
  - m_ConditionMode: 5
    m_ConditionEvent: 
    m_EventTreshold: 0
    m_ExitTime: .25000006
  m_Atomic: 1
  m_Solo: 0
  m_Mute: 0
--- !u!1101 &110107117
Transition:
  m_ObjectHideFlags: 3
  m_PrefabParentObject: {fileID: 0}
  m_PrefabInternal: {fileID: 0}
  m_Name: 
  m_SrcState: {fileID: 0}
  m_DstState: {fileID: 110292758}
  m_TransitionDuration: .100000001
  m_TransitionOffset: 0
  m_Conditions:
  - m_ConditionMode: 1
    m_ConditionEvent: ForwardDeath
    m_EventTreshold: 0
    m_ExitTime: .899999976
  m_Atomic: 1
  m_Solo: 0
  m_Mute: 0
--- !u!1101 &110108205
Transition:
  m_ObjectHideFlags: 3
  m_PrefabParentObject: {fileID: 0}
  m_PrefabInternal: {fileID: 0}
  m_Name: 
  m_SrcState: {fileID: 110280706}
  m_DstState: {fileID: 110268359}
  m_TransitionDuration: .400000006
  m_TransitionOffset: 0
  m_Conditions:
  - m_ConditionMode: 1
    m_ConditionEvent: RunLeftStrafe
    m_EventTreshold: 0
    m_ExitTime: .600000024
  m_Atomic: 1
  m_Solo: 0
  m_Mute: 0
--- !u!1101 &110111562
Transition:
  m_ObjectHideFlags: 3
  m_PrefabParentObject: {fileID: 0}
  m_PrefabInternal: {fileID: 0}
  m_Name: 
  m_SrcState: {fileID: 110268359}
  m_DstState: {fileID: 110280706}
  m_TransitionDuration: .75000006
  m_TransitionOffset: 0
  m_Conditions:
  - m_ConditionMode: 5
    m_ConditionEvent: 
    m_EventTreshold: 0
    m_ExitTime: .24999994
  m_Atomic: 1
  m_Solo: 0
  m_Mute: 0
--- !u!1101 &110114130
Transition:
  m_ObjectHideFlags: 3
  m_PrefabParentObject: {fileID: 0}
  m_PrefabInternal: {fileID: 0}
  m_Name: 
  m_SrcState: {fileID: 110252441}
  m_DstState: {fileID: 110200000}
  m_TransitionDuration: .299999982
  m_TransitionOffset: 0
  m_Conditions:
  - m_ConditionMode: 2
    m_ConditionEvent: ScooterTransform
    m_EventTreshold: 0
    m_ExitTime: .700000048
  m_Atomic: 1
  m_Solo: 0
  m_Mute: 0
--- !u!1101 &110124149
Transition:
  m_ObjectHideFlags: 3
  m_PrefabParentObject: {fileID: 0}
  m_PrefabInternal: {fileID: 0}
  m_Name: 
  m_SrcState: {fileID: 0}
  m_DstState: {fileID: 110213428}
  m_TransitionDuration: .100000001
  m_TransitionOffset: 0
  m_Conditions:
  - m_ConditionMode: 1
    m_ConditionEvent: BackwardDeath
    m_EventTreshold: 0
    m_ExitTime: .899999976
  m_Atomic: 1
  m_Solo: 0
  m_Mute: 0
--- !u!1101 &110125419
Transition:
  m_ObjectHideFlags: 3
  m_PrefabParentObject: {fileID: 0}
  m_PrefabInternal: {fileID: 0}
  m_Name: 
  m_SrcState: {fileID: 110213428}
  m_DstState: {fileID: 110213428}
  m_TransitionDuration: .352941155
  m_TransitionOffset: 0
  m_Conditions:
  - m_ConditionMode: 5
    m_ConditionEvent: 
    m_EventTreshold: 0
    m_ExitTime: .647058845
  m_Atomic: 1
  m_Solo: 0
  m_Mute: 0
--- !u!1101 &110128279
Transition:
  m_ObjectHideFlags: 3
  m_PrefabParentObject: {fileID: 0}
  m_PrefabInternal: {fileID: 0}
  m_Name: 
  m_SrcState: {fileID: 110280706}
  m_DstState: {fileID: 110200000}
  m_TransitionDuration: .400000006
  m_TransitionOffset: 0
  m_Conditions:
  - m_ConditionMode: 2
    m_ConditionEvent: GladiatorTransform
    m_EventTreshold: 0
    m_ExitTime: .600000024
  m_Atomic: 1
  m_Solo: 0
  m_Mute: 0
--- !u!1101 &110130735
Transition:
  m_ObjectHideFlags: 3
  m_PrefabParentObject: {fileID: 0}
  m_PrefabInternal: {fileID: 0}
  m_Name: 
  m_SrcState: {fileID: 0}
  m_DstState: {fileID: 110213428}
  m_TransitionDuration: .100000001
  m_TransitionOffset: 0
  m_Conditions:
  - m_ConditionMode: 1
    m_ConditionEvent: BackwardDeath
    m_EventTreshold: 0
    m_ExitTime: .899999976
  m_Atomic: 1
  m_Solo: 0
  m_Mute: 0
--- !u!1101 &110134999
Transition:
  m_ObjectHideFlags: 3
  m_PrefabParentObject: {fileID: 0}
  m_PrefabInternal: {fileID: 0}
  m_Name: 
  m_SrcState: {fileID: 110200753}
  m_DstState: {fileID: 110200000}
  m_TransitionDuration: .153846145
  m_TransitionOffset: 0
  m_Conditions:
  - m_ConditionMode: 5
    m_ConditionEvent: ScooterTransform
    m_EventTreshold: 0
    m_ExitTime: .850000024
  m_Atomic: 1
  m_Solo: 0
  m_Mute: 0
--- !u!1101 &110136390
Transition:
  m_ObjectHideFlags: 3
  m_PrefabParentObject: {fileID: 0}
  m_PrefabInternal: {fileID: 0}
  m_Name: 
  m_SrcState: {fileID: 110292758}
  m_DstState: {fileID: 110200000}
  m_TransitionDuration: .399999976
  m_TransitionOffset: 0
  m_Conditions:
  - m_ConditionMode: 4
    m_ConditionEvent: Speed
    m_EventTreshold: .100000001
    m_ExitTime: .600000024
  m_Atomic: 1
  m_Solo: 0
  m_Mute: 0
--- !u!1101 &110141937
Transition:
  m_ObjectHideFlags: 3
  m_PrefabParentObject: {fileID: 0}
  m_PrefabInternal: {fileID: 0}
  m_Name: 
  m_SrcState: {fileID: 110206346}
  m_DstState: {fileID: 110253869}
  m_TransitionDuration: .299999952
  m_TransitionOffset: 0
  m_Conditions:
  - m_ConditionMode: 5
    m_ConditionEvent: ScooterTransform
    m_EventTreshold: 0
    m_ExitTime: .700000048
  m_Atomic: 1
  m_Solo: 0
  m_Mute: 0
--- !u!1101 &110142818
Transition:
  m_ObjectHideFlags: 3
  m_PrefabParentObject: {fileID: 0}
  m_PrefabInternal: {fileID: 0}
  m_Name: 
  m_SrcState: {fileID: 110200000}
  m_DstState: {fileID: 110264259}
  m_TransitionDuration: .11472512
  m_TransitionOffset: .207547262
  m_Conditions:
  - m_ConditionMode: 1
    m_ConditionEvent: RunRightStrafe
    m_EventTreshold: 0
    m_ExitTime: .600000024
  m_Atomic: 1
  m_Solo: 0
  m_Mute: 0
--- !u!1101 &110143338
Transition:
  m_ObjectHideFlags: 3
  m_PrefabParentObject: {fileID: 0}
  m_PrefabInternal: {fileID: 0}
  m_Name: 
  m_SrcState: {fileID: 0}
  m_DstState: {fileID: 110213428}
  m_TransitionDuration: .0704782903
  m_TransitionOffset: 0
  m_Conditions:
  - m_ConditionMode: 1
    m_ConditionEvent: BackwardDeath
    m_EventTreshold: 0
    m_ExitTime: .899999976
  m_Atomic: 1
  m_Solo: 0
  m_Mute: 0
--- !u!1101 &110145751
Transition:
  m_ObjectHideFlags: 3
  m_PrefabParentObject: {fileID: 0}
  m_PrefabInternal: {fileID: 0}
  m_Name: 
  m_SrcState: {fileID: 0}
  m_DstState: {fileID: 110292758}
  m_TransitionDuration: .100000001
  m_TransitionOffset: 0
  m_Conditions:
  - m_ConditionMode: 1
    m_ConditionEvent: ForwardDeath
    m_EventTreshold: 0
    m_ExitTime: .899999976
  m_Atomic: 1
  m_Solo: 0
  m_Mute: 0
--- !u!1101 &110146265
Transition:
  m_ObjectHideFlags: 3
  m_PrefabParentObject: {fileID: 0}
  m_PrefabInternal: {fileID: 0}
  m_Name: 
  m_SrcState: {fileID: 110252441}
  m_DstState: {fileID: 110253869}
  m_TransitionDuration: .299999982
  m_TransitionOffset: 0
  m_Conditions:
  - m_ConditionMode: 5
    m_ConditionEvent: ScooterTransform
    m_EventTreshold: 0
    m_ExitTime: .700000048
  m_Atomic: 1
  m_Solo: 0
  m_Mute: 0
--- !u!1101 &110147059
Transition:
  m_ObjectHideFlags: 3
  m_PrefabParentObject: {fileID: 0}
  m_PrefabInternal: {fileID: 0}
  m_Name: 
  m_SrcState: {fileID: 0}
  m_DstState: {fileID: 110200000}
  m_TransitionDuration: .100000001
  m_TransitionOffset: 0
  m_Conditions:
  - m_ConditionMode: 1
    m_ConditionEvent: Restart
    m_EventTreshold: 0
    m_ExitTime: .899999976
  m_Atomic: 1
  m_Solo: 0
  m_Mute: 0
--- !u!1101 &110148502
Transition:
  m_ObjectHideFlags: 3
  m_PrefabParentObject: {fileID: 0}
  m_PrefabInternal: {fileID: 0}
  m_Name: 
  m_SrcState: {fileID: 110264259}
  m_DstState: {fileID: 110200000}
  m_TransitionDuration: .375
  m_TransitionOffset: 0
  m_Conditions:
  - m_ConditionMode: 5
    m_ConditionEvent: ScooterTransform
    m_EventTreshold: 0
    m_ExitTime: .629999995
  m_Atomic: 1
  m_Solo: 0
  m_Mute: 0
--- !u!1101 &110151090
Transition:
  m_ObjectHideFlags: 3
  m_PrefabParentObject: {fileID: 0}
  m_PrefabInternal: {fileID: 0}
  m_Name: 
  m_SrcState: {fileID: 110210637}
  m_DstState: {fileID: 110200000}
  m_TransitionDuration: .74999994
  m_TransitionOffset: 0
  m_Conditions:
  - m_ConditionMode: 2
    m_ConditionEvent: GladiatorTransform
    m_EventTreshold: 0
    m_ExitTime: .25000006
  m_Atomic: 1
  m_Solo: 0
  m_Mute: 0
--- !u!1101 &110153864
Transition:
  m_ObjectHideFlags: 3
  m_PrefabParentObject: {fileID: 0}
  m_PrefabInternal: {fileID: 0}
  m_Name: 
  m_SrcState: {fileID: 110253869}
  m_DstState: {fileID: 110200000}
  m_TransitionDuration: .5
  m_TransitionOffset: 0
  m_Conditions:
  - m_ConditionMode: 2
    m_ConditionEvent: ScooterTransform
    m_EventTreshold: 0
    m_ExitTime: .5
  m_Atomic: 1
  m_Solo: 0
  m_Mute: 0
--- !u!1101 &110162619
Transition:
  m_ObjectHideFlags: 3
  m_PrefabParentObject: {fileID: 0}
  m_PrefabInternal: {fileID: 0}
  m_Name: 
  m_SrcState: {fileID: 110200000}
  m_DstState: {fileID: 110200000}
  m_TransitionDuration: .400000006
  m_TransitionOffset: 0
  m_Conditions:
  - m_ConditionMode: 5
    m_ConditionEvent: 
    m_EventTreshold: 0
    m_ExitTime: .600000024
  m_Atomic: 1
  m_Solo: 0
  m_Mute: 0
--- !u!1101 &110164841
Transition:
  m_ObjectHideFlags: 3
  m_PrefabParentObject: {fileID: 0}
  m_PrefabInternal: {fileID: 0}
  m_Name: 
  m_SrcState: {fileID: 110280706}
  m_DstState: {fileID: 110210637}
  m_TransitionDuration: .400000006
  m_TransitionOffset: 0
  m_Conditions:
  - m_ConditionMode: 1
    m_ConditionEvent: RunRightStrafe
    m_EventTreshold: 0
    m_ExitTime: .600000024
  m_Atomic: 1
  m_Solo: 0
  m_Mute: 0
--- !u!1101 &110164966
Transition:
  m_ObjectHideFlags: 3
  m_PrefabParentObject: {fileID: 0}
  m_PrefabInternal: {fileID: 0}
  m_Name: 
  m_SrcState: {fileID: 110253869}
  m_DstState: {fileID: 110206346}
  m_TransitionDuration: .5
  m_TransitionOffset: 0
  m_Conditions:
  - m_ConditionMode: 1
    m_ConditionEvent: RunRightStrafe
    m_EventTreshold: 0
    m_ExitTime: .5
  m_Atomic: 1
  m_Solo: 0
  m_Mute: 0
--- !u!1101 &110171911
Transition:
  m_ObjectHideFlags: 3
  m_PrefabParentObject: {fileID: 0}
  m_PrefabInternal: {fileID: 0}
  m_Name: 
  m_SrcState: {fileID: 110213428}
  m_DstState: {fileID: 110200000}
  m_TransitionDuration: .352941155
  m_TransitionOffset: 0
  m_Conditions:
  - m_ConditionMode: 4
    m_ConditionEvent: Speed
    m_EventTreshold: .100000001
    m_ExitTime: .647058845
  m_Atomic: 1
  m_Solo: 0
  m_Mute: 0
--- !u!1101 &110173464
Transition:
  m_ObjectHideFlags: 3
  m_PrefabParentObject: {fileID: 0}
  m_PrefabInternal: {fileID: 0}
  m_Name: 
  m_SrcState: {fileID: 110230431}
  m_DstState: {fileID: 110200000}
  m_TransitionDuration: .272727281
  m_TransitionOffset: 0
  m_Conditions:
  - m_ConditionMode: 5
    m_ConditionEvent: GladiatorTransform
    m_EventTreshold: 0
    m_ExitTime: .727272749
  m_Atomic: 1
  m_Solo: 0
  m_Mute: 0
--- !u!1101 &110173624
Transition:
  m_ObjectHideFlags: 3
  m_PrefabParentObject: {fileID: 0}
  m_PrefabInternal: {fileID: 0}
  m_Name: 
  m_SrcState: {fileID: 110253869}
  m_DstState: {fileID: 110252441}
  m_TransitionDuration: .5
  m_TransitionOffset: 0
  m_Conditions:
  - m_ConditionMode: 1
    m_ConditionEvent: RunLeftStrafe
    m_EventTreshold: 0
    m_ExitTime: .5
  m_Atomic: 1
  m_Solo: 0
  m_Mute: 0
--- !u!1101 &110175476
Transition:
  m_ObjectHideFlags: 3
  m_PrefabParentObject: {fileID: 0}
  m_PrefabInternal: {fileID: 0}
  m_Name: 
  m_SrcState: {fileID: 110200000}
  m_DstState: {fileID: 110209140}
  m_TransitionDuration: .108418569
  m_TransitionOffset: .182733923
  m_Conditions:
  - m_ConditionMode: 1
    m_ConditionEvent: RunLeftStrafe
    m_EventTreshold: 0
    m_ExitTime: .600000024
  m_Atomic: 1
  m_Solo: 0
  m_Mute: 0
--- !u!1101 &110175919
Transition:
  m_ObjectHideFlags: 3
  m_PrefabParentObject: {fileID: 0}
  m_PrefabInternal: {fileID: 0}
  m_Name: 
  m_SrcState: {fileID: 110211809}
  m_DstState: {fileID: 110200000}
  m_TransitionDuration: .315789461
  m_TransitionOffset: 0
  m_Conditions:
  - m_ConditionMode: 5
    m_ConditionEvent: ScooterTransform
    m_EventTreshold: 0
    m_ExitTime: .899999976
  m_Atomic: 1
  m_Solo: 0
  m_Mute: 0
--- !u!1101 &110177870
Transition:
  m_ObjectHideFlags: 3
  m_PrefabParentObject: {fileID: 0}
  m_PrefabInternal: {fileID: 0}
  m_Name: 
  m_SrcState: {fileID: 110214025}
  m_DstState: {fileID: 110200000}
  m_TransitionDuration: .352941155
  m_TransitionOffset: 0
  m_Conditions:
  - m_ConditionMode: 5
    m_ConditionEvent: RunSlideRoll
    m_EventTreshold: 0
    m_ExitTime: .647058845
  m_Atomic: 1
  m_Solo: 0
  m_Mute: 0
--- !u!1101 &110179547
Transition:
  m_ObjectHideFlags: 3
  m_PrefabParentObject: {fileID: 0}
  m_PrefabInternal: {fileID: 0}
  m_Name: 
  m_SrcState: {fileID: 110206346}
  m_DstState: {fileID: 110200000}
  m_TransitionDuration: .299999952
  m_TransitionOffset: 0
  m_Conditions:
  - m_ConditionMode: 2
    m_ConditionEvent: ScooterTransform
    m_EventTreshold: 0
    m_ExitTime: .700000048
  m_Atomic: 1
  m_Solo: 0
  m_Mute: 0
--- !u!1101 &110183958
Transition:
  m_ObjectHideFlags: 3
  m_PrefabParentObject: {fileID: 0}
  m_PrefabInternal: {fileID: 0}
  m_Name: 
  m_SrcState: {fileID: 110209140}
  m_DstState: {fileID: 110200000}
  m_TransitionDuration: .202899128
  m_TransitionOffset: 0
  m_Conditions:
  - m_ConditionMode: 5
    m_ConditionEvent: ScooterTransform
    m_EventTreshold: 0
    m_ExitTime: .802100837
  m_Atomic: 1
  m_Solo: 0
  m_Mute: 0
--- !u!1101 &110184331
Transition:
  m_ObjectHideFlags: 3
  m_PrefabParentObject: {fileID: 0}
  m_PrefabInternal: {fileID: 0}
  m_Name: 
  m_SrcState: {fileID: 110268359}
  m_DstState: {fileID: 110200000}
  m_TransitionDuration: .75000006
  m_TransitionOffset: 0
  m_Conditions:
  - m_ConditionMode: 2
    m_ConditionEvent: GladiatorTransform
    m_EventTreshold: 0
    m_ExitTime: .24999994
  m_Atomic: 1
  m_Solo: 0
  m_Mute: 0
--- !u!1101 &110184532
Transition:
  m_ObjectHideFlags: 3
  m_PrefabParentObject: {fileID: 0}
  m_PrefabInternal: {fileID: 0}
  m_Name: 
  m_SrcState: {fileID: 110200000}
  m_DstState: {fileID: 110230431}
  m_TransitionDuration: .400000006
  m_TransitionOffset: 0
  m_Conditions:
  - m_ConditionMode: 1
    m_ConditionEvent: RunJumpRoll
    m_EventTreshold: 0
    m_ExitTime: .600000024
  m_Atomic: 1
  m_Solo: 0
  m_Mute: 0
--- !u!1101 &110184906
Transition:
  m_ObjectHideFlags: 3
  m_PrefabParentObject: {fileID: 0}
  m_PrefabInternal: {fileID: 0}
  m_Name: 
  m_SrcState: {fileID: 110200000}
  m_DstState: {fileID: 110211809}
  m_TransitionDuration: .400000006
  m_TransitionOffset: 0
  m_Conditions:
  - m_ConditionMode: 1
    m_ConditionEvent: RunJump
    m_EventTreshold: 0
    m_ExitTime: .600000024
  m_Atomic: 1
  m_Solo: 0
  m_Mute: 0
--- !u!1101 &110191888
Transition:
  m_ObjectHideFlags: 3
  m_PrefabParentObject: {fileID: 0}
  m_PrefabInternal: {fileID: 0}
  m_Name: 
  m_SrcState: {fileID: 110200000}
  m_DstState: {fileID: 110280706}
  m_TransitionDuration: .400000006
  m_TransitionOffset: 0
  m_Conditions:
  - m_ConditionMode: 1
    m_ConditionEvent: GladiatorTransform
    m_EventTreshold: 0
    m_ExitTime: .600000024
  m_Atomic: 1
  m_Solo: 0
  m_Mute: 0
--- !u!1101 &110193586
Transition:
  m_ObjectHideFlags: 3
  m_PrefabParentObject: {fileID: 0}
  m_PrefabInternal: {fileID: 0}
  m_Name: 
  m_SrcState: {fileID: 110200000}
  m_DstState: {fileID: 110214025}
  m_TransitionDuration: .400000006
  m_TransitionOffset: 0
  m_Conditions:
  - m_ConditionMode: 1
    m_ConditionEvent: RunSlideRoll
    m_EventTreshold: 0
    m_ExitTime: .600000024
  m_Atomic: 1
  m_Solo: 0
  m_Mute: 0
--- !u!1101 &110194557
Transition:
  m_ObjectHideFlags: 3
  m_PrefabParentObject: {fileID: 0}
  m_PrefabInternal: {fileID: 0}
  m_Name: 
  m_SrcState: {fileID: 110200000}
  m_DstState: {fileID: 110253869}
  m_TransitionDuration: .400000006
  m_TransitionOffset: 0
  m_Conditions:
  - m_ConditionMode: 1
    m_ConditionEvent: ScooterTransform
    m_EventTreshold: 0
    m_ExitTime: .600000024
  m_Atomic: 1
  m_Solo: 0
  m_Mute: 0
--- !u!1101 &110196019
Transition:
  m_ObjectHideFlags: 3
  m_PrefabParentObject: {fileID: 0}
  m_PrefabInternal: {fileID: 0}
  m_Name: 
  m_SrcState: {fileID: 0}
  m_DstState: {fileID: 110213428}
  m_TransitionDuration: .100000001
  m_TransitionOffset: 0
  m_Conditions:
  - m_ConditionMode: 1
    m_ConditionEvent: BackwardDeath
    m_EventTreshold: 0
    m_ExitTime: .899999976
  m_Atomic: 1
  m_Solo: 0
  m_Mute: 0
--- !u!1102 &110200000
State:
  m_ObjectHideFlags: 3
  m_PrefabParentObject: {fileID: 0}
  m_PrefabInternal: {fileID: 0}
  m_Name: Run
  m_Speed: 1
  m_CycleOffset: 0
  m_Motions:
  - {fileID: 7400000, guid: 3a7bffd55ea914863afd68b9d21c187f, type: 3}
  m_ParentStateMachine: {fileID: 110700000}
  m_Position: {x: 168, y: 120, z: 0}
  m_IKOnFeet: 0
  m_Mirror: 0
  m_Tag: 
--- !u!1102 &110200753
State:
  m_ObjectHideFlags: 3
  m_PrefabParentObject: {fileID: 0}
  m_PrefabInternal: {fileID: 0}
  m_Name: LeftSlide
  m_Speed: 1
  m_CycleOffset: 0
  m_Motions:
  - {fileID: 7400000, guid: 6b88d29e3828d4dd98820dfb263c0055, type: 3}
  m_ParentStateMachine: {fileID: 110700000}
  m_Position: {x: 480, y: 180, z: 0}
  m_IKOnFeet: 0
  m_Mirror: 0
  m_Tag: 
--- !u!1102 &110206346
State:
  m_ObjectHideFlags: 3
  m_PrefabParentObject: {fileID: 0}
  m_PrefabInternal: {fileID: 0}
  m_Name: ScooterLeft
  m_Speed: 1
  m_CycleOffset: 0
  m_Motions:
  - {fileID: 7400000, guid: f9138f04f923546e0bd516e0737c805d, type: 3}
  m_ParentStateMachine: {fileID: 110700000}
  m_Position: {x: -36, y: 240, z: 0}
  m_IKOnFeet: 0
  m_Mirror: 0
  m_Tag: 
--- !u!1102 &110209140
State:
  m_ObjectHideFlags: 3
  m_PrefabParentObject: {fileID: 0}
  m_PrefabInternal: {fileID: 0}
  m_Name: LeftLane
  m_Speed: 1
  m_CycleOffset: 0
  m_Motions:
  - {fileID: 7400000, guid: 89d04129ab7a54986986951ee19b8d03, type: 3}
  m_ParentStateMachine: {fileID: 110700000}
  m_Position: {x: 480, y: 120, z: 0}
  m_IKOnFeet: 0
  m_Mirror: 0
  m_Tag: 
--- !u!1102 &110210637
State:
  m_ObjectHideFlags: 3
  m_PrefabParentObject: {fileID: 0}
  m_PrefabInternal: {fileID: 0}
  m_Name: GladiatorRight
  m_Speed: 1
  m_CycleOffset: 0
  m_Motions:
  - {fileID: 7400004, guid: 8eac825efe4cc43fcb7590768aed8f03, type: 3}
  m_ParentStateMachine: {fileID: 110700000}
  m_Position: {x: -168, y: 324, z: 0}
  m_IKOnFeet: 0
  m_Mirror: 0
  m_Tag: 
--- !u!1102 &110211809
State:
  m_ObjectHideFlags: 3
  m_PrefabParentObject: {fileID: 0}
  m_PrefabInternal: {fileID: 0}
  m_Name: Jump
  m_Speed: 1
  m_CycleOffset: 0
  m_Motions:
  - {fileID: 7400000, guid: 98d5a65867619426cb2daaf5fbdb50b4, type: 3}
  m_ParentStateMachine: {fileID: 110700000}
  m_Position: {x: -84, y: 36, z: 0}
  m_IKOnFeet: 0
  m_Mirror: 0
  m_Tag: 
--- !u!1102 &110213428
State:
  m_ObjectHideFlags: 3
  m_PrefabParentObject: {fileID: 0}
  m_PrefabInternal: {fileID: 0}
  m_Name: BackwardDeath
  m_Speed: 1
  m_CycleOffset: 0
  m_Motions:
  - {fileID: 7400000, guid: d9261542dcd434486875236fb671f65f, type: 3}
  m_ParentStateMachine: {fileID: 110700000}
  m_Position: {x: 456, y: 24, z: 0}
  m_IKOnFeet: 0
  m_Mirror: 0
  m_Tag: 
--- !u!1102 &110214025
State:
  m_ObjectHideFlags: 3
  m_PrefabParentObject: {fileID: 0}
  m_PrefabInternal: {fileID: 0}
  m_Name: RunSlideRoll
  m_Speed: 1
  m_CycleOffset: 0
  m_Motions:
  - {fileID: 7400000, guid: 9e1854deb1a4d41669f087dca69fc9c6, type: 3}
  m_ParentStateMachine: {fileID: 110700000}
  m_Position: {x: -96, y: 180, z: 0}
  m_IKOnFeet: 0
  m_Mirror: 0
  m_Tag: 
--- !u!1102 &110230431
State:
  m_ObjectHideFlags: 3
  m_PrefabParentObject: {fileID: 0}
  m_PrefabInternal: {fileID: 0}
  m_Name: Jump3
  m_Speed: 1
  m_CycleOffset: 0
  m_Motions:
  - {fileID: 7400000, guid: e32971f4a9b2b4372be84bbaa5885990, type: 3}
  m_ParentStateMachine: {fileID: 110700000}
  m_Position: {x: -84, y: -60, z: 0}
  m_IKOnFeet: 0
  m_Mirror: 0
  m_Tag: 
--- !u!1102 &110252441
State:
  m_ObjectHideFlags: 3
  m_PrefabParentObject: {fileID: 0}
  m_PrefabInternal: {fileID: 0}
  m_Name: ScooterRight
  m_Speed: 1
  m_CycleOffset: 0
  m_Motions:
  - {fileID: 7400000, guid: 45b5d7b0849a34713839f82f47b87674, type: 3}
  m_ParentStateMachine: {fileID: 110700000}
  m_Position: {x: 480, y: 240, z: 0}
  m_IKOnFeet: 0
  m_Mirror: 0
  m_Tag: 
--- !u!1102 &110253869
State:
  m_ObjectHideFlags: 3
  m_PrefabParentObject: {fileID: 0}
  m_PrefabInternal: {fileID: 0}
  m_Name: ScooterCenter
  m_Speed: 1
  m_CycleOffset: 0
  m_Motions:
  - {fileID: 7400000, guid: 1534f06754c25431894be5b53dcafe80, type: 3}
  m_ParentStateMachine: {fileID: 110700000}
  m_Position: {x: 204, y: 276, z: 0}
  m_IKOnFeet: 0
  m_Mirror: 0
  m_Tag: 
--- !u!1102 &110264259
State:
  m_ObjectHideFlags: 3
  m_PrefabParentObject: {fileID: 0}
  m_PrefabInternal: {fileID: 0}
  m_Name: RightLane
  m_Speed: 1
  m_CycleOffset: 0
  m_Motions:
  - {fileID: 7400000, guid: 02f4e10018edf44a5aac049af9154980, type: 3}
  m_ParentStateMachine: {fileID: 110700000}
  m_Position: {x: -84, y: 120, z: 0}
  m_IKOnFeet: 0
  m_Mirror: 0
  m_Tag: 
--- !u!1102 &110268359
State:
  m_ObjectHideFlags: 3
  m_PrefabParentObject: {fileID: 0}
  m_PrefabInternal: {fileID: 0}
  m_Name: GladiatorLeft
  m_Speed: 1
  m_CycleOffset: 0
  m_Motions:
  - {fileID: 7400002, guid: 8eac825efe4cc43fcb7590768aed8f03, type: 3}
  m_ParentStateMachine: {fileID: 110700000}
  m_Position: {x: 468, y: 324, z: 0}
  m_IKOnFeet: 0
  m_Mirror: 0
  m_Tag: 
--- !u!1102 &110280706
State:
  m_ObjectHideFlags: 3
  m_PrefabParentObject: {fileID: 0}
  m_PrefabInternal: {fileID: 0}
  m_Name: GladiatorCenter
  m_Speed: 1
  m_CycleOffset: 0
  m_Motions:
  - {fileID: 7400000, guid: 8eac825efe4cc43fcb7590768aed8f03, type: 3}
  m_ParentStateMachine: {fileID: 110700000}
  m_Position: {x: 192, y: 468, z: 0}
  m_IKOnFeet: 0
  m_Mirror: 0
  m_Tag: 
--- !u!1102 &110292758
State:
  m_ObjectHideFlags: 3
  m_PrefabParentObject: {fileID: 0}
  m_PrefabInternal: {fileID: 0}
  m_Name: ForwardDeath
  m_Speed: 1
  m_CycleOffset: 0
  m_Motions:
  - {fileID: 7400000, guid: dcc07758602e34837bcf0c783812e469, type: 3}
  m_ParentStateMachine: {fileID: 110700000}
  m_Position: {x: 156, y: -24, z: 0}
  m_IKOnFeet: 0
  m_Mirror: 0
  m_Tag: 
--- !u!1107 &110700000
StateMachine:
  serializedVersion: 2
  m_ObjectHideFlags: 3
  m_PrefabParentObject: {fileID: 0}
  m_PrefabInternal: {fileID: 0}
  m_Name: Base Layer
  m_DefaultState: {fileID: 110200000}
  m_States:
  - {fileID: 110200000}
  - {fileID: 110209140}
  - {fileID: 110211809}
  - {fileID: 110264259}
  - {fileID: 110200753}
  - {fileID: 110292758}
  - {fileID: 110213428}
  - {fileID: 110206346}
  - {fileID: 110252441}
  - {fileID: 110253869}
  - {fileID: 110214025}
  - {fileID: 110230431}
  - {fileID: 110268359}
  - {fileID: 110280706}
  - {fileID: 110210637}
  m_ChildStateMachine: []
  m_ChildStateMachinePosition: []
  m_OrderedTransitions:
    data:
      first: {fileID: 0}
      second:
      - {fileID: 110145751}
      - {fileID: 110130735}
      - {fileID: 110100550}
    data:
      first: {fileID: 110200000}
      second:
      - {fileID: 110100000}
      - {fileID: 110184906}
      - {fileID: 110175476}
      - {fileID: 110142818}
      - {fileID: 110194557}
      - {fileID: 110193586}
      - {fileID: 110184532}
      - {fileID: 110191888}
    data:
      first: {fileID: 110209140}
      second:
      - {fileID: 110183958}
    data:
      first: {fileID: 110211809}
      second:
      - {fileID: 110175919}
    data:
      first: {fileID: 110264259}
      second:
      - {fileID: 110148502}
    data:
      first: {fileID: 110200753}
      second:
      - {fileID: 110134999}
    data:
      first: {fileID: 110292758}
      second:
      - {fileID: 110136390}
    data:
      first: {fileID: 110213428}
      second:
      - {fileID: 110171911}
    data:
      first: {fileID: 110206346}
      second:
      - {fileID: 110141937}
      - {fileID: 110179547}
    data:
      first: {fileID: 110252441}
      second:
      - {fileID: 110114130}
      - {fileID: 110146265}
    data:
      first: {fileID: 110253869}
      second:
      - {fileID: 110153864}
      - {fileID: 110164966}
      - {fileID: 110173624}
    data:
      first: {fileID: 110214025}
      second:
      - {fileID: 110177870}
    data:
      first: {fileID: 110230431}
      second:
      - {fileID: 110173464}
    data:
      first: {fileID: 110268359}
      second:
      - {fileID: 110111562}
      - {fileID: 110184331}
    data:
      first: {fileID: 110280706}
      second:
      - {fileID: 110128279}
      - {fileID: 110108205}
      - {fileID: 110164841}
    data:
      first: {fileID: 110210637}
      second:
      - {fileID: 110102512}
      - {fileID: 110151090}
  m_MotionSetCount: 1
  m_AnyStatePosition: {x: 348, y: -84, z: 0}
  m_ParentStateMachinePosition: {x: 800, y: 20, z: 0}
--- !u!1107 &110776824
StateMachine:
  serializedVersion: 2
  m_ObjectHideFlags: 3
  m_PrefabParentObject: {fileID: 0}
  m_PrefabInternal: {fileID: 0}
  m_Name: New StateMachine
  m_DefaultState: {fileID: 0}
  m_States: []
  m_ChildStateMachine: []
  m_ChildStateMachinePosition: []
  m_OrderedTransitions: {}
  m_MotionSetCount: 2
  m_AnyStatePosition: {x: 50, y: 20, z: 0}
  m_ParentStateMachinePosition: {x: 800, y: 20, z: 0}
