%YAML 1.1
%TAG !u! tag:unity3d.com,2011:
--- !u!1 &100000
GameObject:
  m_ObjectHideFlags: 1
  m_PrefabParentObject: {fileID: 0}
  m_PrefabInternal: {fileID: 100100000}
  serializedVersion: 4
  m_Component:
  - 4: {fileID: 400000}
  - 65: {fileID: 6500000}
  - 114: {fileID: 11400000}
  m_Layer: 0
  m_Name: Right
  m_TagString: Untagged
  m_Icon: {fileID: 0}
  m_NavMeshLayer: 0
  m_StaticEditorFlags: 0
  m_IsActive: 1
--- !u!1 &100002
GameObject:
  m_ObjectHideFlags: 1
  m_PrefabParentObject: {fileID: 0}
  m_PrefabInternal: {fileID: 100100000}
  serializedVersion: 4
  m_Component:
  - 4: {fileID: 400002}
  - 65: {fileID: 6500002}
  - 114: {fileID: 11400002}
  m_Layer: 0
  m_Name: Left
  m_TagString: Untagged
  m_Icon: {fileID: 0}
  m_NavMeshLayer: 0
  m_StaticEditorFlags: 0
  m_IsActive: 1
--- !u!1 &100004
GameObject:
  m_ObjectHideFlags: 1
  m_PrefabParentObject: {fileID: 0}
  m_PrefabInternal: {fileID: 100100000}
  serializedVersion: 4
  m_Component:
  - 4: {fileID: 400004}
  - 65: {fileID: 6500004}
  - 114: {fileID: 11400004}
  m_Layer: 0
  m_Name: Back
  m_TagString: Untagged
  m_Icon: {fileID: 0}
  m_NavMeshLayer: 0
  m_StaticEditorFlags: 0
  m_IsActive: 1
--- !u!1 &100006
GameObject:
  m_ObjectHideFlags: 1
  m_PrefabParentObject: {fileID: 0}
  m_PrefabInternal: {fileID: 100100000}
  serializedVersion: 4
  m_Component:
  - 4: {fileID: 400006}
  - 65: {fileID: 6500008}
  - 114: {fileID: 11400012}
  m_Layer: 0
  m_Name: Right
  m_TagString: Untagged
  m_Icon: {fileID: 0}
  m_NavMeshLayer: 0
  m_StaticEditorFlags: 0
  m_IsActive: 1
--- !u!1 &100008
GameObject:
  m_ObjectHideFlags: 1
  m_PrefabParentObject: {fileID: 0}
  m_PrefabInternal: {fileID: 100100000}
  serializedVersion: 4
  m_Component:
  - 4: {fileID: 400008}
  - 65: {fileID: 6500010}
  - 114: {fileID: 11400014}
  m_Layer: 0
  m_Name: Left
  m_TagString: Untagged
  m_Icon: {fileID: 0}
  m_NavMeshLayer: 0
  m_StaticEditorFlags: 0
  m_IsActive: 1
--- !u!1 &100010
GameObject:
  m_ObjectHideFlags: 1
  m_PrefabParentObject: {fileID: 0}
  m_PrefabInternal: {fileID: 100100000}
  serializedVersion: 4
  m_Component:
  - 4: {fileID: 400010}
  - 65: {fileID: 6500012}
  - 114: {fileID: 11400016}
  m_Layer: 0
  m_Name: Back
  m_TagString: Untagged
  m_Icon: {fileID: 0}
  m_NavMeshLayer: 0
  m_StaticEditorFlags: 0
  m_IsActive: 1
--- !u!1 &100012
GameObject:
  m_ObjectHideFlags: 1
  m_PrefabParentObject: {fileID: 0}
  m_PrefabInternal: {fileID: 100100000}
  serializedVersion: 4
  m_Component:
  - 4: {fileID: 400012}
  - 65: {fileID: 6500016}
  - 114: {fileID: 11400024}
  m_Layer: 0
  m_Name: Right
  m_TagString: Untagged
  m_Icon: {fileID: 0}
  m_NavMeshLayer: 0
  m_StaticEditorFlags: 0
  m_IsActive: 1
--- !u!1 &100014
GameObject:
  m_ObjectHideFlags: 1
  m_PrefabParentObject: {fileID: 0}
  m_PrefabInternal: {fileID: 100100000}
  serializedVersion: 4
  m_Component:
  - 4: {fileID: 400014}
  - 65: {fileID: 6500018}
  - 114: {fileID: 11400026}
  m_Layer: 0
  m_Name: Left
  m_TagString: Untagged
  m_Icon: {fileID: 0}
  m_NavMeshLayer: 0
  m_StaticEditorFlags: 0
  m_IsActive: 1
--- !u!1 &100016
GameObject:
  m_ObjectHideFlags: 1
  m_PrefabParentObject: {fileID: 0}
  m_PrefabInternal: {fileID: 100100000}
  serializedVersion: 4
  m_Component:
  - 4: {fileID: 400016}
  - 65: {fileID: 6500020}
  - 114: {fileID: 11400028}
  m_Layer: 0
  m_Name: Back
  m_TagString: Untagged
  m_Icon: {fileID: 0}
  m_NavMeshLayer: 0
  m_StaticEditorFlags: 0
  m_IsActive: 1
--- !u!1 &100018
GameObject:
  m_ObjectHideFlags: 1
  m_PrefabParentObject: {fileID: 0}
  m_PrefabInternal: {fileID: 100100000}
  serializedVersion: 4
  m_Component:
  - 4: {fileID: 400018}
  - 65: {fileID: 6500024}
  m_Layer: 10
  m_Name: Right Wall
  m_TagString: Untagged
  m_Icon: {fileID: 0}
  m_NavMeshLayer: 0
  m_StaticEditorFlags: 0
  m_IsActive: 1
--- !u!1 &100020
GameObject:
  m_ObjectHideFlags: 1
  m_PrefabParentObject: {fileID: 0}
  m_PrefabInternal: {fileID: 100100000}
  serializedVersion: 4
  m_Component:
  - 4: {fileID: 400020}
  - 65: {fileID: 6500026}
  m_Layer: 10
  m_Name: Left Wall
  m_TagString: Untagged
  m_Icon: {fileID: 0}
  m_NavMeshLayer: 0
  m_StaticEditorFlags: 0
  m_IsActive: 1
--- !u!1 &100022
GameObject:
  m_ObjectHideFlags: 1
  m_PrefabParentObject: {fileID: 0}
  m_PrefabInternal: {fileID: 100100000}
  serializedVersion: 4
  m_Component:
  - 4: {fileID: 400022}
  - 65: {fileID: 6500028}
  m_Layer: 16
  m_Name: Floor
  m_TagString: Untagged
  m_Icon: {fileID: 0}
  m_NavMeshLayer: 0
  m_StaticEditorFlags: 0
  m_IsActive: 1
--- !u!1 &100024
GameObject:
  m_ObjectHideFlags: 1
  m_PrefabParentObject: {fileID: 0}
  m_PrefabInternal: {fileID: 100100000}
  serializedVersion: 4
  m_Component:
  - 4: {fileID: 400024}
  m_Layer: 0
  m_Name: Top
  m_TagString: Untagged
  m_Icon: {fileID: 0}
  m_NavMeshLayer: 0
  m_StaticEditorFlags: 0
  m_IsActive: 1
--- !u!1 &100026
GameObject:
  m_ObjectHideFlags: 1
  m_PrefabParentObject: {fileID: 0}
  m_PrefabInternal: {fileID: 100100000}
  serializedVersion: 4
  m_Component:
  - 4: {fileID: 400026}
  - 65: {fileID: 6500030}
  - 114: {fileID: 11400036}
  m_Layer: 0
  m_Name: Right
  m_TagString: Untagged
  m_Icon: {fileID: 0}
  m_NavMeshLayer: 0
  m_StaticEditorFlags: 0
  m_IsActive: 1
--- !u!1 &100028
GameObject:
  m_ObjectHideFlags: 1
  m_PrefabParentObject: {fileID: 0}
  m_PrefabInternal: {fileID: 100100000}
  serializedVersion: 4
  m_Component:
  - 4: {fileID: 400028}
  - 33: {fileID: 3300006}
  - 23: {fileID: 2300006}
  m_Layer: 12
  m_Name: Mesh
  m_TagString: Untagged
  m_Icon: {fileID: 0}
  m_NavMeshLayer: 0
  m_StaticEditorFlags: 0
  m_IsActive: 1
--- !u!1 &100030
GameObject:
  m_ObjectHideFlags: 1
  m_PrefabParentObject: {fileID: 0}
  m_PrefabInternal: {fileID: 100100000}
  serializedVersion: 4
  m_Component:
  - 4: {fileID: 400030}
  - 65: {fileID: 6500032}
  - 114: {fileID: 11400038}
  m_Layer: 0
  m_Name: Left
  m_TagString: Untagged
  m_Icon: {fileID: 0}
  m_NavMeshLayer: 0
  m_StaticEditorFlags: 0
  m_IsActive: 1
--- !u!1 &100032
GameObject:
  m_ObjectHideFlags: 1
  m_PrefabParentObject: {fileID: 0}
  m_PrefabInternal: {fileID: 100100000}
  serializedVersion: 4
  m_Component:
  - 4: {fileID: 400032}
  - 65: {fileID: 6500034}
  - 114: {fileID: 11400040}
  m_Layer: 0
  m_Name: Back
  m_TagString: Untagged
  m_Icon: {fileID: 0}
  m_NavMeshLayer: 0
  m_StaticEditorFlags: 0
  m_IsActive: 1
--- !u!1 &100034
GameObject:
  m_ObjectHideFlags: 0
  m_PrefabParentObject: {fileID: 0}
  m_PrefabInternal: {fileID: 100100000}
  serializedVersion: 4
  m_Component:
  - 4: {fileID: 400042}
  - 65: {fileID: 6500036}
  - 54: {fileID: 5400006}
  - 114: {fileID: 11400046}
  - 114: {fileID: 11400044}
  - 114: {fileID: 11400042}
  m_Layer: 12
  m_Name: Barrier5
  m_TagString: Untagged
  m_Icon: {fileID: 0}
  m_NavMeshLayer: 0
  m_StaticEditorFlags: 0
  m_IsActive: 1
--- !u!1 &100036
GameObject:
  m_ObjectHideFlags: 0
  m_PrefabParentObject: {fileID: 0}
  m_PrefabInternal: {fileID: 100100000}
  serializedVersion: 4
  m_Component:
  - 4: {fileID: 400038}
  - 33: {fileID: 3300004}
  - 23: {fileID: 2300004}
  - 65: {fileID: 6500022}
  - 114: {fileID: 11400034}
  - 114: {fileID: 11400032}
  - 54: {fileID: 5400004}
  - 114: {fileID: 11400030}
  m_Layer: 12
  m_Name: truck1
  m_TagString: Untagged
  m_Icon: {fileID: 0}
  m_NavMeshLayer: 0
  m_StaticEditorFlags: 0
  m_IsActive: 1
--- !u!1 &100038
GameObject:
  m_ObjectHideFlags: 0
  m_PrefabParentObject: {fileID: 0}
  m_PrefabInternal: {fileID: 100100000}
  serializedVersion: 4
  m_Component:
  - 4: {fileID: 400040}
  m_Layer: 0
  m_Name: Collision Boxes
  m_TagString: Untagged
  m_Icon: {fileID: 0}
  m_NavMeshLayer: 0
  m_StaticEditorFlags: 4294967295
  m_IsActive: 1
--- !u!1 &100040
GameObject:
  m_ObjectHideFlags: 0
  m_PrefabParentObject: {fileID: 0}
  m_PrefabInternal: {fileID: 100100000}
  serializedVersion: 4
  m_Component:
  - 4: {fileID: 400034}
  - 33: {fileID: 3300000}
  - 23: {fileID: 2300000}
  - 65: {fileID: 6500006}
  - 114: {fileID: 11400010}
  - 114: {fileID: 11400008}
  - 54: {fileID: 5400000}
  - 114: {fileID: 11400006}
  m_Layer: 12
  m_Name: truck4
  m_TagString: Untagged
  m_Icon: {fileID: 0}
  m_NavMeshLayer: 0
  m_StaticEditorFlags: 0
  m_IsActive: 1
--- !u!1 &100042
GameObject:
  m_ObjectHideFlags: 0
  m_PrefabParentObject: {fileID: 0}
  m_PrefabInternal: {fileID: 100100000}
  serializedVersion: 4
  m_Component:
  - 4: {fileID: 400036}
  - 33: {fileID: 3300002}
  - 23: {fileID: 2300002}
  - 65: {fileID: 6500014}
  - 114: {fileID: 11400022}
  - 114: {fileID: 11400020}
  - 54: {fileID: 5400002}
  - 114: {fileID: 11400018}
  m_Layer: 12
  m_Name: truck4
  m_TagString: Untagged
  m_Icon: {fileID: 0}
  m_NavMeshLayer: 0
  m_StaticEditorFlags: 0
  m_IsActive: 1
--- !u!1 &100044
GameObject:
  m_ObjectHideFlags: 0
  m_PrefabParentObject: {fileID: 0}
  m_PrefabInternal: {fileID: 100100000}
  serializedVersion: 4
  m_Component:
  - 4: {fileID: 400044}
  - 33: {fileID: 3300008}
  - 23: {fileID: 2300008}
  - 114: {fileID: 11400052}
  - 114: {fileID: 11400050}
  - 114: {fileID: 11400048}
  m_Layer: 0
  m_Name: Scene_06_Straight_Static_2
  m_TagString: Untagged
  m_Icon: {fileID: 0}
  m_NavMeshLayer: 0
  m_StaticEditorFlags: 4294967295
  m_IsActive: 1
--- !u!1 &100046
GameObject:
  m_ObjectHideFlags: 0
  m_PrefabParentObject: {fileID: 0}
  m_PrefabInternal: {fileID: 100100000}
  serializedVersion: 4
  m_Component:
  - 4: {fileID: 400046}
  - 95: {fileID: 9500000}
  - 114: {fileID: 11400054}
  - 114: {fileID: 11400056}
  - 54: {fileID: 5400008}
  - 114: {fileID: 11400058}
  - 65: {fileID: 6500038}
  - 114: {fileID: 11400060}
  m_Layer: 0
  m_Name: FaceBookFriend
  m_TagString: Untagged
  m_Icon: {fileID: 0}
  m_NavMeshLayer: 0
  m_StaticEditorFlags: 0
  m_IsActive: 1
--- !u!1 &100048
GameObject:
  m_ObjectHideFlags: 1
  m_PrefabParentObject: {fileID: 0}
  m_PrefabInternal: {fileID: 100100000}
  serializedVersion: 4
  m_Component:
  - 4: {fileID: 400052}
  - 137: {fileID: 13700000}
  m_Layer: 0
  m_Name: polySurface1
  m_TagString: Untagged
  m_Icon: {fileID: 0}
  m_NavMeshLayer: 0
  m_StaticEditorFlags: 0
  m_IsActive: 1
--- !u!1 &100050
GameObject:
  m_ObjectHideFlags: 1
  m_PrefabParentObject: {fileID: 0}
  m_PrefabInternal: {fileID: 100100000}
  serializedVersion: 4
  m_Component:
  - 4: {fileID: 400048}
  - 65: {fileID: 6500040}
  - 114: {fileID: 11400062}
  m_Layer: 0
  m_Name: Back
  m_TagString: Untagged
  m_Icon: {fileID: 0}
  m_NavMeshLayer: 0
  m_StaticEditorFlags: 0
  m_IsActive: 1
--- !u!1 &100052
GameObject:
  m_ObjectHideFlags: 1
  m_PrefabParentObject: {fileID: 0}
  m_PrefabInternal: {fileID: 100100000}
  serializedVersion: 4
  m_Component:
  - 4: {fileID: 400050}
  m_Layer: 0
  m_Name: christian_Reference
  m_TagString: Untagged
  m_Icon: {fileID: 0}
  m_NavMeshLayer: 0
  m_StaticEditorFlags: 0
  m_IsActive: 1
--- !u!1 &100054
GameObject:
  m_ObjectHideFlags: 1
  m_PrefabParentObject: {fileID: 0}
  m_PrefabInternal: {fileID: 100100000}
  serializedVersion: 4
  m_Component:
  - 4: {fileID: 400054}
  m_Layer: 0
  m_Name: christian_Hips
  m_TagString: Untagged
  m_Icon: {fileID: 0}
  m_NavMeshLayer: 0
  m_StaticEditorFlags: 0
  m_IsActive: 1
--- !u!1 &100056
GameObject:
  m_ObjectHideFlags: 1
  m_PrefabParentObject: {fileID: 0}
  m_PrefabInternal: {fileID: 100100000}
  serializedVersion: 4
  m_Component:
  - 4: {fileID: 400056}
  m_Layer: 0
  m_Name: christian_LeftUpLeg
  m_TagString: Untagged
  m_Icon: {fileID: 0}
  m_NavMeshLayer: 0
  m_StaticEditorFlags: 0
  m_IsActive: 1
--- !u!1 &100058
GameObject:
  m_ObjectHideFlags: 1
  m_PrefabParentObject: {fileID: 0}
  m_PrefabInternal: {fileID: 100100000}
  serializedVersion: 4
  m_Component:
  - 4: {fileID: 400062}
  m_Layer: 0
  m_Name: christian_LeftLeg
  m_TagString: Untagged
  m_Icon: {fileID: 0}
  m_NavMeshLayer: 0
  m_StaticEditorFlags: 0
  m_IsActive: 1
--- !u!1 &100060
GameObject:
  m_ObjectHideFlags: 1
  m_PrefabParentObject: {fileID: 0}
  m_PrefabInternal: {fileID: 100100000}
  serializedVersion: 4
  m_Component:
  - 4: {fileID: 400064}
  m_Layer: 0
  m_Name: christian_LeftFoot
  m_TagString: Untagged
  m_Icon: {fileID: 0}
  m_NavMeshLayer: 0
  m_StaticEditorFlags: 0
  m_IsActive: 1
--- !u!1 &100062
GameObject:
  m_ObjectHideFlags: 1
  m_PrefabParentObject: {fileID: 0}
  m_PrefabInternal: {fileID: 100100000}
  serializedVersion: 4
  m_Component:
  - 4: {fileID: 400066}
  m_Layer: 0
  m_Name: christian_LeftToeBase
  m_TagString: Untagged
  m_Icon: {fileID: 0}
  m_NavMeshLayer: 0
  m_StaticEditorFlags: 0
  m_IsActive: 1
--- !u!1 &100064
GameObject:
  m_ObjectHideFlags: 1
  m_PrefabParentObject: {fileID: 0}
  m_PrefabInternal: {fileID: 100100000}
  serializedVersion: 4
  m_Component:
  - 4: {fileID: 400058}
  m_Layer: 0
  m_Name: christian_RightUpLeg
  m_TagString: Untagged
  m_Icon: {fileID: 0}
  m_NavMeshLayer: 0
  m_StaticEditorFlags: 0
  m_IsActive: 1
--- !u!1 &100066
GameObject:
  m_ObjectHideFlags: 1
  m_PrefabParentObject: {fileID: 0}
  m_PrefabInternal: {fileID: 100100000}
  serializedVersion: 4
  m_Component:
  - 4: {fileID: 400068}
  m_Layer: 0
  m_Name: christian_RightLeg
  m_TagString: Untagged
  m_Icon: {fileID: 0}
  m_NavMeshLayer: 0
  m_StaticEditorFlags: 0
  m_IsActive: 1
--- !u!1 &100068
GameObject:
  m_ObjectHideFlags: 1
  m_PrefabParentObject: {fileID: 0}
  m_PrefabInternal: {fileID: 100100000}
  serializedVersion: 4
  m_Component:
  - 4: {fileID: 400070}
  m_Layer: 0
  m_Name: christian_RightFoot
  m_TagString: Untagged
  m_Icon: {fileID: 0}
  m_NavMeshLayer: 0
  m_StaticEditorFlags: 0
  m_IsActive: 1
--- !u!1 &100070
GameObject:
  m_ObjectHideFlags: 1
  m_PrefabParentObject: {fileID: 0}
  m_PrefabInternal: {fileID: 100100000}
  serializedVersion: 4
  m_Component:
  - 4: {fileID: 400072}
  m_Layer: 0
  m_Name: christian_RightToeBase
  m_TagString: Untagged
  m_Icon: {fileID: 0}
  m_NavMeshLayer: 0
  m_StaticEditorFlags: 0
  m_IsActive: 1
--- !u!1 &100072
GameObject:
  m_ObjectHideFlags: 1
  m_PrefabParentObject: {fileID: 0}
  m_PrefabInternal: {fileID: 100100000}
  serializedVersion: 4
  m_Component:
  - 4: {fileID: 400060}
  m_Layer: 0
  m_Name: christian_Spine
  m_TagString: Untagged
  m_Icon: {fileID: 0}
  m_NavMeshLayer: 0
  m_StaticEditorFlags: 0
  m_IsActive: 1
--- !u!1 &100074
GameObject:
  m_ObjectHideFlags: 1
  m_PrefabParentObject: {fileID: 0}
  m_PrefabInternal: {fileID: 100100000}
  serializedVersion: 4
  m_Component:
  - 4: {fileID: 400074}
  m_Layer: 0
  m_Name: christian_Spine1
  m_TagString: Untagged
  m_Icon: {fileID: 0}
  m_NavMeshLayer: 0
  m_StaticEditorFlags: 0
  m_IsActive: 1
--- !u!1 &100076
GameObject:
  m_ObjectHideFlags: 1
  m_PrefabParentObject: {fileID: 0}
  m_PrefabInternal: {fileID: 100100000}
  serializedVersion: 4
  m_Component:
  - 4: {fileID: 400076}
  m_Layer: 0
  m_Name: christian_Spine2
  m_TagString: Untagged
  m_Icon: {fileID: 0}
  m_NavMeshLayer: 0
  m_StaticEditorFlags: 0
  m_IsActive: 1
--- !u!1 &100078
GameObject:
  m_ObjectHideFlags: 1
  m_PrefabParentObject: {fileID: 0}
  m_PrefabInternal: {fileID: 100100000}
  serializedVersion: 4
  m_Component:
  - 4: {fileID: 400078}
  m_Layer: 0
  m_Name: christian_LeftShoulder
  m_TagString: Untagged
  m_Icon: {fileID: 0}
  m_NavMeshLayer: 0
  m_StaticEditorFlags: 0
  m_IsActive: 1
--- !u!1 &100080
GameObject:
  m_ObjectHideFlags: 1
  m_PrefabParentObject: {fileID: 0}
  m_PrefabInternal: {fileID: 100100000}
  serializedVersion: 4
  m_Component:
  - 4: {fileID: 400084}
  m_Layer: 0
  m_Name: christian_LeftArm
  m_TagString: Untagged
  m_Icon: {fileID: 0}
  m_NavMeshLayer: 0
  m_StaticEditorFlags: 0
  m_IsActive: 1
--- !u!1 &100082
GameObject:
  m_ObjectHideFlags: 1
  m_PrefabParentObject: {fileID: 0}
  m_PrefabInternal: {fileID: 100100000}
  serializedVersion: 4
  m_Component:
  - 4: {fileID: 400086}
  m_Layer: 0
  m_Name: christian_LeftForeArm
  m_TagString: Untagged
  m_Icon: {fileID: 0}
  m_NavMeshLayer: 0
  m_StaticEditorFlags: 0
  m_IsActive: 1
--- !u!1 &100084
GameObject:
  m_ObjectHideFlags: 1
  m_PrefabParentObject: {fileID: 0}
  m_PrefabInternal: {fileID: 100100000}
  serializedVersion: 4
  m_Component:
  - 4: {fileID: 400088}
  m_Layer: 0
  m_Name: christian_LeftHand
  m_TagString: Untagged
  m_Icon: {fileID: 0}
  m_NavMeshLayer: 0
  m_StaticEditorFlags: 0
  m_IsActive: 1
--- !u!1 &100086
GameObject:
  m_ObjectHideFlags: 1
  m_PrefabParentObject: {fileID: 0}
  m_PrefabInternal: {fileID: 100100000}
  serializedVersion: 4
  m_Component:
  - 4: {fileID: 400090}
  m_Layer: 0
  m_Name: christian_LeftHandIndex1
  m_TagString: Untagged
  m_Icon: {fileID: 0}
  m_NavMeshLayer: 0
  m_StaticEditorFlags: 0
  m_IsActive: 1
--- !u!1 &100088
GameObject:
  m_ObjectHideFlags: 1
  m_PrefabParentObject: {fileID: 0}
  m_PrefabInternal: {fileID: 100100000}
  serializedVersion: 4
  m_Component:
  - 4: {fileID: 400100}
  m_Layer: 0
  m_Name: christian_LeftHandIndex2
  m_TagString: Untagged
  m_Icon: {fileID: 0}
  m_NavMeshLayer: 0
  m_StaticEditorFlags: 0
  m_IsActive: 1
--- !u!1 &100090
GameObject:
  m_ObjectHideFlags: 1
  m_PrefabParentObject: {fileID: 0}
  m_PrefabInternal: {fileID: 100100000}
  serializedVersion: 4
  m_Component:
  - 4: {fileID: 400102}
  m_Layer: 0
  m_Name: christian_LeftHandIndex3
  m_TagString: Untagged
  m_Icon: {fileID: 0}
  m_NavMeshLayer: 0
  m_StaticEditorFlags: 0
  m_IsActive: 1
--- !u!1 &100092
GameObject:
  m_ObjectHideFlags: 1
  m_PrefabParentObject: {fileID: 0}
  m_PrefabInternal: {fileID: 100100000}
  serializedVersion: 4
  m_Component:
  - 4: {fileID: 400104}
  m_Layer: 0
  m_Name: christian_LeftHandIndex4
  m_TagString: Untagged
  m_Icon: {fileID: 0}
  m_NavMeshLayer: 0
  m_StaticEditorFlags: 0
  m_IsActive: 1
--- !u!1 &100094
GameObject:
  m_ObjectHideFlags: 1
  m_PrefabParentObject: {fileID: 0}
  m_PrefabInternal: {fileID: 100100000}
  serializedVersion: 4
  m_Component:
  - 4: {fileID: 400092}
  m_Layer: 0
  m_Name: christian_LeftHandMiddle1
  m_TagString: Untagged
  m_Icon: {fileID: 0}
  m_NavMeshLayer: 0
  m_StaticEditorFlags: 0
  m_IsActive: 1
--- !u!1 &100096
GameObject:
  m_ObjectHideFlags: 1
  m_PrefabParentObject: {fileID: 0}
  m_PrefabInternal: {fileID: 100100000}
  serializedVersion: 4
  m_Component:
  - 4: {fileID: 400106}
  m_Layer: 0
  m_Name: christian_LeftHandMiddle2
  m_TagString: Untagged
  m_Icon: {fileID: 0}
  m_NavMeshLayer: 0
  m_StaticEditorFlags: 0
  m_IsActive: 1
--- !u!1 &100098
GameObject:
  m_ObjectHideFlags: 1
  m_PrefabParentObject: {fileID: 0}
  m_PrefabInternal: {fileID: 100100000}
  serializedVersion: 4
  m_Component:
  - 4: {fileID: 400108}
  m_Layer: 0
  m_Name: christian_LeftHandMiddle3
  m_TagString: Untagged
  m_Icon: {fileID: 0}
  m_NavMeshLayer: 0
  m_StaticEditorFlags: 0
  m_IsActive: 1
--- !u!1 &100100
GameObject:
  m_ObjectHideFlags: 1
  m_PrefabParentObject: {fileID: 0}
  m_PrefabInternal: {fileID: 100100000}
  serializedVersion: 4
  m_Component:
  - 4: {fileID: 400110}
  m_Layer: 0
  m_Name: christian_LeftHandMiddle4
  m_TagString: Untagged
  m_Icon: {fileID: 0}
  m_NavMeshLayer: 0
  m_StaticEditorFlags: 0
  m_IsActive: 1
--- !u!1 &100102
GameObject:
  m_ObjectHideFlags: 1
  m_PrefabParentObject: {fileID: 0}
  m_PrefabInternal: {fileID: 100100000}
  serializedVersion: 4
  m_Component:
  - 4: {fileID: 400094}
  m_Layer: 0
  m_Name: christian_LeftHandPinky1
  m_TagString: Untagged
  m_Icon: {fileID: 0}
  m_NavMeshLayer: 0
  m_StaticEditorFlags: 0
  m_IsActive: 1
--- !u!1 &100104
GameObject:
  m_ObjectHideFlags: 1
  m_PrefabParentObject: {fileID: 0}
  m_PrefabInternal: {fileID: 100100000}
  serializedVersion: 4
  m_Component:
  - 4: {fileID: 400112}
  m_Layer: 0
  m_Name: christian_LeftHandPinky2
  m_TagString: Untagged
  m_Icon: {fileID: 0}
  m_NavMeshLayer: 0
  m_StaticEditorFlags: 0
  m_IsActive: 1
--- !u!1 &100106
GameObject:
  m_ObjectHideFlags: 1
  m_PrefabParentObject: {fileID: 0}
  m_PrefabInternal: {fileID: 100100000}
  serializedVersion: 4
  m_Component:
  - 4: {fileID: 400114}
  m_Layer: 0
  m_Name: christian_LeftHandPinky3
  m_TagString: Untagged
  m_Icon: {fileID: 0}
  m_NavMeshLayer: 0
  m_StaticEditorFlags: 0
  m_IsActive: 1
--- !u!1 &100108
GameObject:
  m_ObjectHideFlags: 1
  m_PrefabParentObject: {fileID: 0}
  m_PrefabInternal: {fileID: 100100000}
  serializedVersion: 4
  m_Component:
  - 4: {fileID: 400116}
  m_Layer: 0
  m_Name: christian_LeftHandPinky4
  m_TagString: Untagged
  m_Icon: {fileID: 0}
  m_NavMeshLayer: 0
  m_StaticEditorFlags: 0
  m_IsActive: 1
--- !u!1 &100110
GameObject:
  m_ObjectHideFlags: 1
  m_PrefabParentObject: {fileID: 0}
  m_PrefabInternal: {fileID: 100100000}
  serializedVersion: 4
  m_Component:
  - 4: {fileID: 400096}
  m_Layer: 0
  m_Name: christian_LeftHandRing1
  m_TagString: Untagged
  m_Icon: {fileID: 0}
  m_NavMeshLayer: 0
  m_StaticEditorFlags: 0
  m_IsActive: 1
--- !u!1 &100112
GameObject:
  m_ObjectHideFlags: 1
  m_PrefabParentObject: {fileID: 0}
  m_PrefabInternal: {fileID: 100100000}
  serializedVersion: 4
  m_Component:
  - 4: {fileID: 400118}
  m_Layer: 0
  m_Name: christian_LeftHandRing2
  m_TagString: Untagged
  m_Icon: {fileID: 0}
  m_NavMeshLayer: 0
  m_StaticEditorFlags: 0
  m_IsActive: 1
--- !u!1 &100114
GameObject:
  m_ObjectHideFlags: 1
  m_PrefabParentObject: {fileID: 0}
  m_PrefabInternal: {fileID: 100100000}
  serializedVersion: 4
  m_Component:
  - 4: {fileID: 400120}
  m_Layer: 0
  m_Name: christian_LeftHandRing3
  m_TagString: Untagged
  m_Icon: {fileID: 0}
  m_NavMeshLayer: 0
  m_StaticEditorFlags: 0
  m_IsActive: 1
--- !u!1 &100116
GameObject:
  m_ObjectHideFlags: 1
  m_PrefabParentObject: {fileID: 0}
  m_PrefabInternal: {fileID: 100100000}
  serializedVersion: 4
  m_Component:
  - 4: {fileID: 400122}
  m_Layer: 0
  m_Name: christian_LeftHandRing4
  m_TagString: Untagged
  m_Icon: {fileID: 0}
  m_NavMeshLayer: 0
  m_StaticEditorFlags: 0
  m_IsActive: 1
--- !u!1 &100118
GameObject:
  m_ObjectHideFlags: 1
  m_PrefabParentObject: {fileID: 0}
  m_PrefabInternal: {fileID: 100100000}
  serializedVersion: 4
  m_Component:
  - 4: {fileID: 400098}
  m_Layer: 0
  m_Name: christian_LeftHandThumb1
  m_TagString: Untagged
  m_Icon: {fileID: 0}
  m_NavMeshLayer: 0
  m_StaticEditorFlags: 0
  m_IsActive: 1
--- !u!1 &100120
GameObject:
  m_ObjectHideFlags: 1
  m_PrefabParentObject: {fileID: 0}
  m_PrefabInternal: {fileID: 100100000}
  serializedVersion: 4
  m_Component:
  - 4: {fileID: 400124}
  m_Layer: 0
  m_Name: christian_LeftHandThumb2
  m_TagString: Untagged
  m_Icon: {fileID: 0}
  m_NavMeshLayer: 0
  m_StaticEditorFlags: 0
  m_IsActive: 1
--- !u!1 &100122
GameObject:
  m_ObjectHideFlags: 1
  m_PrefabParentObject: {fileID: 0}
  m_PrefabInternal: {fileID: 100100000}
  serializedVersion: 4
  m_Component:
  - 4: {fileID: 400126}
  m_Layer: 0
  m_Name: christian_LeftHandThumb3
  m_TagString: Untagged
  m_Icon: {fileID: 0}
  m_NavMeshLayer: 0
  m_StaticEditorFlags: 0
  m_IsActive: 1
--- !u!1 &100124
GameObject:
  m_ObjectHideFlags: 1
  m_PrefabParentObject: {fileID: 0}
  m_PrefabInternal: {fileID: 100100000}
  serializedVersion: 4
  m_Component:
  - 4: {fileID: 400128}
  m_Layer: 0
  m_Name: christian_LeftHandThumb4
  m_TagString: Untagged
  m_Icon: {fileID: 0}
  m_NavMeshLayer: 0
  m_StaticEditorFlags: 0
  m_IsActive: 1
--- !u!1 &100126
GameObject:
  m_ObjectHideFlags: 1
  m_PrefabParentObject: {fileID: 0}
  m_PrefabInternal: {fileID: 100100000}
  serializedVersion: 4
  m_Component:
  - 4: {fileID: 400080}
  m_Layer: 0
  m_Name: christian_Neck
  m_TagString: Untagged
  m_Icon: {fileID: 0}
  m_NavMeshLayer: 0
  m_StaticEditorFlags: 0
  m_IsActive: 1
--- !u!1 &100128
GameObject:
  m_ObjectHideFlags: 1
  m_PrefabParentObject: {fileID: 0}
  m_PrefabInternal: {fileID: 100100000}
  serializedVersion: 4
  m_Component:
  - 4: {fileID: 400130}
  m_Layer: 0
  m_Name: christian_Head
  m_TagString: Untagged
  m_Icon: {fileID: 0}
  m_NavMeshLayer: 0
  m_StaticEditorFlags: 0
  m_IsActive: 1
--- !u!1 &100130
GameObject:
  m_ObjectHideFlags: 1
  m_PrefabParentObject: {fileID: 0}
  m_PrefabInternal: {fileID: 100100000}
  serializedVersion: 4
  m_Component:
  - 4: {fileID: 400082}
  m_Layer: 0
  m_Name: christian_RightShoulder
  m_TagString: Untagged
  m_Icon: {fileID: 0}
  m_NavMeshLayer: 0
  m_StaticEditorFlags: 0
  m_IsActive: 1
--- !u!1 &100132
GameObject:
  m_ObjectHideFlags: 1
  m_PrefabParentObject: {fileID: 0}
  m_PrefabInternal: {fileID: 100100000}
  serializedVersion: 4
  m_Component:
  - 4: {fileID: 400132}
  m_Layer: 0
  m_Name: christian_RightArm
  m_TagString: Untagged
  m_Icon: {fileID: 0}
  m_NavMeshLayer: 0
  m_StaticEditorFlags: 0
  m_IsActive: 1
--- !u!1 &100134
GameObject:
  m_ObjectHideFlags: 1
  m_PrefabParentObject: {fileID: 0}
  m_PrefabInternal: {fileID: 100100000}
  serializedVersion: 4
  m_Component:
  - 4: {fileID: 400134}
  m_Layer: 0
  m_Name: christian_RightForeArm
  m_TagString: Untagged
  m_Icon: {fileID: 0}
  m_NavMeshLayer: 0
  m_StaticEditorFlags: 0
  m_IsActive: 1
--- !u!1 &100136
GameObject:
  m_ObjectHideFlags: 1
  m_PrefabParentObject: {fileID: 0}
  m_PrefabInternal: {fileID: 100100000}
  serializedVersion: 4
  m_Component:
  - 4: {fileID: 400136}
  m_Layer: 0
  m_Name: christian_RightHand
  m_TagString: Untagged
  m_Icon: {fileID: 0}
  m_NavMeshLayer: 0
  m_StaticEditorFlags: 0
  m_IsActive: 1
--- !u!1 &100138
GameObject:
  m_ObjectHideFlags: 1
  m_PrefabParentObject: {fileID: 0}
  m_PrefabInternal: {fileID: 100100000}
  serializedVersion: 4
  m_Component:
  - 4: {fileID: 400138}
  m_Layer: 0
  m_Name: christian_RightHandIndex1
  m_TagString: Untagged
  m_Icon: {fileID: 0}
  m_NavMeshLayer: 0
  m_StaticEditorFlags: 0
  m_IsActive: 1
--- !u!1 &100140
GameObject:
  m_ObjectHideFlags: 1
  m_PrefabParentObject: {fileID: 0}
  m_PrefabInternal: {fileID: 100100000}
  serializedVersion: 4
  m_Component:
  - 4: {fileID: 400148}
  m_Layer: 0
  m_Name: christian_RightHandIndex2
  m_TagString: Untagged
  m_Icon: {fileID: 0}
  m_NavMeshLayer: 0
  m_StaticEditorFlags: 0
  m_IsActive: 1
--- !u!1 &100142
GameObject:
  m_ObjectHideFlags: 1
  m_PrefabParentObject: {fileID: 0}
  m_PrefabInternal: {fileID: 100100000}
  serializedVersion: 4
  m_Component:
  - 4: {fileID: 400150}
  m_Layer: 0
  m_Name: christian_RightHandIndex3
  m_TagString: Untagged
  m_Icon: {fileID: 0}
  m_NavMeshLayer: 0
  m_StaticEditorFlags: 0
  m_IsActive: 1
--- !u!1 &100144
GameObject:
  m_ObjectHideFlags: 1
  m_PrefabParentObject: {fileID: 0}
  m_PrefabInternal: {fileID: 100100000}
  serializedVersion: 4
  m_Component:
  - 4: {fileID: 400152}
  m_Layer: 0
  m_Name: christian_RightHandIndex4
  m_TagString: Untagged
  m_Icon: {fileID: 0}
  m_NavMeshLayer: 0
  m_StaticEditorFlags: 0
  m_IsActive: 1
--- !u!1 &100146
GameObject:
  m_ObjectHideFlags: 1
  m_PrefabParentObject: {fileID: 0}
  m_PrefabInternal: {fileID: 100100000}
  serializedVersion: 4
  m_Component:
  - 4: {fileID: 400140}
  m_Layer: 0
  m_Name: christian_RightHandMiddle1
  m_TagString: Untagged
  m_Icon: {fileID: 0}
  m_NavMeshLayer: 0
  m_StaticEditorFlags: 0
  m_IsActive: 1
--- !u!1 &100148
GameObject:
  m_ObjectHideFlags: 1
  m_PrefabParentObject: {fileID: 0}
  m_PrefabInternal: {fileID: 100100000}
  serializedVersion: 4
  m_Component:
  - 4: {fileID: 400154}
  m_Layer: 0
  m_Name: christian_RightHandMiddle2
  m_TagString: Untagged
  m_Icon: {fileID: 0}
  m_NavMeshLayer: 0
  m_StaticEditorFlags: 0
  m_IsActive: 1
--- !u!1 &100150
GameObject:
  m_ObjectHideFlags: 1
  m_PrefabParentObject: {fileID: 0}
  m_PrefabInternal: {fileID: 100100000}
  serializedVersion: 4
  m_Component:
  - 4: {fileID: 400156}
  m_Layer: 0
  m_Name: christian_RightHandMiddle3
  m_TagString: Untagged
  m_Icon: {fileID: 0}
  m_NavMeshLayer: 0
  m_StaticEditorFlags: 0
  m_IsActive: 1
--- !u!1 &100152
GameObject:
  m_ObjectHideFlags: 1
  m_PrefabParentObject: {fileID: 0}
  m_PrefabInternal: {fileID: 100100000}
  serializedVersion: 4
  m_Component:
  - 4: {fileID: 400158}
  m_Layer: 0
  m_Name: christian_RightHandMiddle4
  m_TagString: Untagged
  m_Icon: {fileID: 0}
  m_NavMeshLayer: 0
  m_StaticEditorFlags: 0
  m_IsActive: 1
--- !u!1 &100154
GameObject:
  m_ObjectHideFlags: 1
  m_PrefabParentObject: {fileID: 0}
  m_PrefabInternal: {fileID: 100100000}
  serializedVersion: 4
  m_Component:
  - 4: {fileID: 400142}
  m_Layer: 0
  m_Name: christian_RightHandPinky1
  m_TagString: Untagged
  m_Icon: {fileID: 0}
  m_NavMeshLayer: 0
  m_StaticEditorFlags: 0
  m_IsActive: 1
--- !u!1 &100156
GameObject:
  m_ObjectHideFlags: 1
  m_PrefabParentObject: {fileID: 0}
  m_PrefabInternal: {fileID: 100100000}
  serializedVersion: 4
  m_Component:
  - 4: {fileID: 400160}
  m_Layer: 0
  m_Name: christian_RightHandPinky2
  m_TagString: Untagged
  m_Icon: {fileID: 0}
  m_NavMeshLayer: 0
  m_StaticEditorFlags: 0
  m_IsActive: 1
--- !u!1 &100158
GameObject:
  m_ObjectHideFlags: 1
  m_PrefabParentObject: {fileID: 0}
  m_PrefabInternal: {fileID: 100100000}
  serializedVersion: 4
  m_Component:
  - 4: {fileID: 400162}
  m_Layer: 0
  m_Name: christian_RightHandPinky3
  m_TagString: Untagged
  m_Icon: {fileID: 0}
  m_NavMeshLayer: 0
  m_StaticEditorFlags: 0
  m_IsActive: 1
--- !u!1 &100160
GameObject:
  m_ObjectHideFlags: 1
  m_PrefabParentObject: {fileID: 0}
  m_PrefabInternal: {fileID: 100100000}
  serializedVersion: 4
  m_Component:
  - 4: {fileID: 400164}
  m_Layer: 0
  m_Name: christian_RightHandPinky4
  m_TagString: Untagged
  m_Icon: {fileID: 0}
  m_NavMeshLayer: 0
  m_StaticEditorFlags: 0
  m_IsActive: 1
--- !u!1 &100162
GameObject:
  m_ObjectHideFlags: 1
  m_PrefabParentObject: {fileID: 0}
  m_PrefabInternal: {fileID: 100100000}
  serializedVersion: 4
  m_Component:
  - 4: {fileID: 400144}
  m_Layer: 0
  m_Name: christian_RightHandRing1
  m_TagString: Untagged
  m_Icon: {fileID: 0}
  m_NavMeshLayer: 0
  m_StaticEditorFlags: 0
  m_IsActive: 1
--- !u!1 &100164
GameObject:
  m_ObjectHideFlags: 1
  m_PrefabParentObject: {fileID: 0}
  m_PrefabInternal: {fileID: 100100000}
  serializedVersion: 4
  m_Component:
  - 4: {fileID: 400166}
  m_Layer: 0
  m_Name: christian_RightHandRing2
  m_TagString: Untagged
  m_Icon: {fileID: 0}
  m_NavMeshLayer: 0
  m_StaticEditorFlags: 0
  m_IsActive: 1
--- !u!1 &100166
GameObject:
  m_ObjectHideFlags: 1
  m_PrefabParentObject: {fileID: 0}
  m_PrefabInternal: {fileID: 100100000}
  serializedVersion: 4
  m_Component:
  - 4: {fileID: 400168}
  m_Layer: 0
  m_Name: christian_RightHandRing3
  m_TagString: Untagged
  m_Icon: {fileID: 0}
  m_NavMeshLayer: 0
  m_StaticEditorFlags: 0
  m_IsActive: 1
--- !u!1 &100168
GameObject:
  m_ObjectHideFlags: 1
  m_PrefabParentObject: {fileID: 0}
  m_PrefabInternal: {fileID: 100100000}
  serializedVersion: 4
  m_Component:
  - 4: {fileID: 400170}
  m_Layer: 0
  m_Name: christian_RightHandRing4
  m_TagString: Untagged
  m_Icon: {fileID: 0}
  m_NavMeshLayer: 0
  m_StaticEditorFlags: 0
  m_IsActive: 1
--- !u!1 &100170
GameObject:
  m_ObjectHideFlags: 1
  m_PrefabParentObject: {fileID: 0}
  m_PrefabInternal: {fileID: 100100000}
  serializedVersion: 4
  m_Component:
  - 4: {fileID: 400146}
  m_Layer: 0
  m_Name: christian_RightHandThumb1
  m_TagString: Untagged
  m_Icon: {fileID: 0}
  m_NavMeshLayer: 0
  m_StaticEditorFlags: 0
  m_IsActive: 1
--- !u!1 &100172
GameObject:
  m_ObjectHideFlags: 1
  m_PrefabParentObject: {fileID: 0}
  m_PrefabInternal: {fileID: 100100000}
  serializedVersion: 4
  m_Component:
  - 4: {fileID: 400172}
  m_Layer: 0
  m_Name: christian_RightHandThumb2
  m_TagString: Untagged
  m_Icon: {fileID: 0}
  m_NavMeshLayer: 0
  m_StaticEditorFlags: 0
  m_IsActive: 1
--- !u!1 &100174
GameObject:
  m_ObjectHideFlags: 1
  m_PrefabParentObject: {fileID: 0}
  m_PrefabInternal: {fileID: 100100000}
  serializedVersion: 4
  m_Component:
  - 4: {fileID: 400174}
  m_Layer: 0
  m_Name: christian_RightHandThumb3
  m_TagString: Untagged
  m_Icon: {fileID: 0}
  m_NavMeshLayer: 0
  m_StaticEditorFlags: 0
  m_IsActive: 1
--- !u!1 &100176
GameObject:
  m_ObjectHideFlags: 1
  m_PrefabParentObject: {fileID: 0}
  m_PrefabInternal: {fileID: 100100000}
  serializedVersion: 4
  m_Component:
  - 4: {fileID: 400176}
  m_Layer: 0
  m_Name: christian_RightHandThumb4
  m_TagString: Untagged
  m_Icon: {fileID: 0}
  m_NavMeshLayer: 0
  m_StaticEditorFlags: 0
  m_IsActive: 1
--- !u!4 &400000
Transform:
  m_ObjectHideFlags: 1
  m_PrefabParentObject: {fileID: 0}
  m_PrefabInternal: {fileID: 100100000}
  m_GameObject: {fileID: 100000}
  m_LocalRotation: {x: 0, y: -1, z: 0, w: -1.62920685e-07}
  m_LocalPosition: {x: -.97356391, y: .0816259384, z: -.274618149}
  m_LocalScale: {x: 1, y: 1, z: 1}
  m_Children: []
  m_Father: {fileID: 400034}
--- !u!4 &400002
Transform:
  m_ObjectHideFlags: 1
  m_PrefabParentObject: {fileID: 0}
  m_PrefabInternal: {fileID: 100100000}
  m_GameObject: {fileID: 100002}
  m_LocalRotation: {x: 0, y: -1, z: 0, w: -1.62920685e-07}
  m_LocalPosition: {x: .860014915, y: .0882749557, z: -.244838715}
  m_LocalScale: {x: 1, y: 1, z: 1}
  m_Children: []
  m_Father: {fileID: 400034}
--- !u!4 &400004
Transform:
  m_ObjectHideFlags: 1
  m_PrefabParentObject: {fileID: 0}
  m_PrefabInternal: {fileID: 100100000}
  m_GameObject: {fileID: 100004}
  m_LocalRotation: {x: 0, y: -1, z: 0, w: -1.62920685e-07}
  m_LocalPosition: {x: .189217091, y: -.0883760452, z: -.213140488}
  m_LocalScale: {x: 1, y: 1, z: 1}
  m_Children: []
  m_Father: {fileID: 400034}
--- !u!4 &400006
Transform:
  m_ObjectHideFlags: 1
  m_PrefabParentObject: {fileID: 0}
  m_PrefabInternal: {fileID: 100100000}
  m_GameObject: {fileID: 100006}
  m_LocalRotation: {x: 0, y: -1, z: 0, w: -1.62920685e-07}
  m_LocalPosition: {x: -.97356391, y: .0816259384, z: -1.78781128}
  m_LocalScale: {x: 1, y: 1, z: 1}
  m_Children: []
  m_Father: {fileID: 400036}
--- !u!4 &400008
Transform:
  m_ObjectHideFlags: 1
  m_PrefabParentObject: {fileID: 0}
  m_PrefabInternal: {fileID: 100100000}
  m_GameObject: {fileID: 100008}
  m_LocalRotation: {x: 0, y: -1, z: 0, w: -1.62920685e-07}
  m_LocalPosition: {x: 1.01937437, y: .0882749557, z: -1.75802994}
  m_LocalScale: {x: 1, y: 1, z: 1}
  m_Children: []
  m_Father: {fileID: 400036}
--- !u!4 &400010
Transform:
  m_ObjectHideFlags: 1
  m_PrefabParentObject: {fileID: 0}
  m_PrefabInternal: {fileID: 100100000}
  m_GameObject: {fileID: 100010}
  m_LocalRotation: {x: 0, y: -1, z: 0, w: -1.62920685e-07}
  m_LocalPosition: {x: .189217091, y: -.0883760452, z: -1.72633362}
  m_LocalScale: {x: 1, y: 1, z: 1}
  m_Children: []
  m_Father: {fileID: 400036}
--- !u!4 &400012
Transform:
  m_ObjectHideFlags: 1
  m_PrefabParentObject: {fileID: 0}
  m_PrefabInternal: {fileID: 100100000}
  m_GameObject: {fileID: 100012}
  m_LocalRotation: {x: 0, y: -1, z: 0, w: 0}
  m_LocalPosition: {x: -1.16278088, y: .126397133, z: 3.78882106e-07}
  m_LocalScale: {x: 1, y: 1, z: 1}
  m_Children: []
  m_Father: {fileID: 400038}
--- !u!4 &400014
Transform:
  m_ObjectHideFlags: 1
  m_PrefabParentObject: {fileID: 0}
  m_PrefabInternal: {fileID: 100100000}
  m_GameObject: {fileID: 100014}
  m_LocalRotation: {x: 0, y: -1, z: 0, w: 0}
  m_LocalPosition: {x: 1.01930368, y: .133047104, z: -3.32131293e-07}
  m_LocalScale: {x: 1, y: 1, z: 1}
  m_Children: []
  m_Father: {fileID: 400038}
--- !u!4 &400016
Transform:
  m_ObjectHideFlags: 1
  m_PrefabParentObject: {fileID: 0}
  m_PrefabInternal: {fileID: 100100000}
  m_GameObject: {fileID: 100016}
  m_LocalRotation: {x: 0, y: -1, z: 0, w: 0}
  m_LocalPosition: {x: -1.71112902e-10, y: -.121182442, z: -.137719154}
  m_LocalScale: {x: 1, y: 1, z: 1}
  m_Children: []
  m_Father: {fileID: 400038}
--- !u!4 &400018
Transform:
  m_ObjectHideFlags: 1
  m_PrefabParentObject: {fileID: 0}
  m_PrefabInternal: {fileID: 100100000}
  m_GameObject: {fileID: 100018}
  m_LocalRotation: {x: 0, y: 0, z: 0, w: 1}
  m_LocalPosition: {x: 7.63997698, y: -8.53495294e-07, z: 1.76756573}
  m_LocalScale: {x: 1, y: 1, z: 1}
  m_Children: []
  m_Father: {fileID: 400040}
--- !u!4 &400020
Transform:
  m_ObjectHideFlags: 1
  m_PrefabParentObject: {fileID: 0}
  m_PrefabInternal: {fileID: 100100000}
  m_GameObject: {fileID: 100020}
  m_LocalRotation: {x: 0, y: 0, z: 0, w: 1}
  m_LocalPosition: {x: -4.69615698, y: -.296575308, z: 1.73447454}
  m_LocalScale: {x: 1, y: 1, z: 1}
  m_Children: []
  m_Father: {fileID: 400040}
--- !u!4 &400022
Transform:
  m_ObjectHideFlags: 1
  m_PrefabParentObject: {fileID: 0}
  m_PrefabInternal: {fileID: 100100000}
  m_GameObject: {fileID: 100022}
  m_LocalRotation: {x: 0, y: 0, z: 0, w: 1}
  m_LocalPosition: {x: 2.05999994, y: -.0399999991, z: -1.79999995}
  m_LocalScale: {x: 1, y: 1, z: 1}
  m_Children: []
  m_Father: {fileID: 400040}
--- !u!4 &400024
Transform:
  m_ObjectHideFlags: 1
  m_PrefabParentObject: {fileID: 0}
  m_PrefabInternal: {fileID: 100100000}
  m_GameObject: {fileID: 100024}
  m_LocalRotation: {x: 0, y: 3.2584137e-07, z: 0, w: -1}
  m_LocalPosition: {x: 0, y: 0, z: 0}
  m_LocalScale: {x: 1, y: 1, z: 1}
  m_Children: []
  m_Father: {fileID: 400042}
--- !u!4 &400026
Transform:
  m_ObjectHideFlags: 1
  m_PrefabParentObject: {fileID: 0}
  m_PrefabInternal: {fileID: 100100000}
  m_GameObject: {fileID: 100026}
  m_LocalRotation: {x: 0, y: 3.2584137e-07, z: 0, w: -1}
  m_LocalPosition: {x: -1.18111694, y: .230395317, z: 9.19804108e-08}
  m_LocalScale: {x: 1, y: 1, z: 1}
  m_Children: []
  m_Father: {fileID: 400042}
--- !u!4 &400028
Transform:
  m_ObjectHideFlags: 1
  m_PrefabParentObject: {fileID: 0}
  m_PrefabInternal: {fileID: 100100000}
  m_GameObject: {fileID: 100028}
  m_LocalRotation: {x: 0, y: 0, z: 0, w: 1}
  m_LocalPosition: {x: .0978688821, y: .258457661, z: 3.188973e-08}
  m_LocalScale: {x: 1.10000002, y: 1.5, z: 1}
  m_Children: []
  m_Father: {fileID: 400042}
--- !u!4 &400030
Transform:
  m_ObjectHideFlags: 1
  m_PrefabParentObject: {fileID: 0}
  m_PrefabInternal: {fileID: 100100000}
  m_GameObject: {fileID: 100030}
  m_LocalRotation: {x: 0, y: 3.2584137e-07, z: 0, w: -1}
  m_LocalPosition: {x: 1.38878226, y: .153419971, z: -2.43144314e-08}
  m_LocalScale: {x: 1, y: 1, z: 1}
  m_Children: []
  m_Father: {fileID: 400042}
--- !u!4 &400032
Transform:
  m_ObjectHideFlags: 1
  m_PrefabParentObject: {fileID: 0}
  m_PrefabInternal: {fileID: 100100000}
  m_GameObject: {fileID: 100032}
  m_LocalRotation: {x: 0, y: 3.2584137e-07, z: 0, w: -1}
  m_LocalPosition: {x: .0738840699, y: .218271255, z: -.220636815}
  m_LocalScale: {x: 1, y: 1, z: 1}
  m_Children: []
  m_Father: {fileID: 400042}
--- !u!4 &400034
Transform:
  m_ObjectHideFlags: 1
  m_PrefabParentObject: {fileID: 0}
  m_PrefabInternal: {fileID: 100100000}
  m_GameObject: {fileID: 100040}
  m_LocalRotation: {x: 0, y: 1, z: 0, w: 0}
  m_LocalPosition: {x: -2.25592184, y: -4.60558081, z: 11.5491915}
  m_LocalScale: {x: 1, y: 1, z: 1}
  m_Children:
  - {fileID: 400004}
  - {fileID: 400002}
  - {fileID: 400000}
  m_Father: {fileID: 400044}
--- !u!4 &400036
Transform:
  m_ObjectHideFlags: 1
  m_PrefabParentObject: {fileID: 0}
  m_PrefabInternal: {fileID: 100100000}
  m_GameObject: {fileID: 100042}
  m_LocalRotation: {x: 0, y: 1, z: 0, w: 0}
  m_LocalPosition: {x: .373036385, y: -4.22819233, z: -22.1152248}
  m_LocalScale: {x: 1, y: 1, z: 1}
  m_Children:
  - {fileID: 400010}
  - {fileID: 400008}
  - {fileID: 400006}
  m_Father: {fileID: 400044}
--- !u!4 &400038
Transform:
  m_ObjectHideFlags: 1
  m_PrefabParentObject: {fileID: 0}
  m_PrefabInternal: {fileID: 100100000}
  m_GameObject: {fileID: 100036}
  m_LocalRotation: {x: 0, y: 1, z: 0, w: 0}
  m_LocalPosition: {x: 3.31222177, y: -4.68234062, z: -28.9769363}
  m_LocalScale: {x: 1, y: 1, z: 1}
  m_Children:
  - {fileID: 400016}
  - {fileID: 400014}
  - {fileID: 400012}
  m_Father: {fileID: 400044}
--- !u!4 &400040
Transform:
  m_ObjectHideFlags: 1
  m_PrefabParentObject: {fileID: 0}
  m_PrefabInternal: {fileID: 100100000}
  m_GameObject: {fileID: 100038}
  m_LocalRotation: {x: .70710659, y: 0, z: 0, w: -.707106948}
  m_LocalPosition: {x: 0, y: -4.53999996, z: .000255584717}
  m_LocalScale: {x: 1, y: 1, z: 1}
  m_Children:
  - {fileID: 400022}
  - {fileID: 400020}
  - {fileID: 400018}
  m_Father: {fileID: 400044}
--- !u!4 &400042
Transform:
  m_ObjectHideFlags: 1
  m_PrefabParentObject: {fileID: 0}
  m_PrefabInternal: {fileID: 100100000}
  m_GameObject: {fileID: 100034}
  m_LocalRotation: {x: 0, y: 0, z: 0, w: -1}
  m_LocalPosition: {x: .0813436508, y: -5.63628483, z: 31.2848473}
  m_LocalScale: {x: -1, y: 1, z: 1}
  m_Children:
  - {fileID: 400032}
  - {fileID: 400030}
  - {fileID: 400028}
  - {fileID: 400026}
  - {fileID: 400024}
  m_Father: {fileID: 400044}
--- !u!4 &400044
Transform:
  m_ObjectHideFlags: 1
  m_PrefabParentObject: {fileID: 0}
  m_PrefabInternal: {fileID: 100100000}
  m_GameObject: {fileID: 100044}
  m_LocalRotation: {x: 0, y: 0, z: 0, w: 1}
  m_LocalPosition: {x: 0, y: 5.15999985, z: 0}
  m_LocalScale: {x: 1, y: 1, z: 1}
  m_Children:
  - {fileID: 400042}
  - {fileID: 400040}
  - {fileID: 400046}
  - {fileID: 400038}
  - {fileID: 400036}
  - {fileID: 400034}
  m_Father: {fileID: 0}
--- !u!4 &400046
Transform:
  m_ObjectHideFlags: 1
  m_PrefabParentObject: {fileID: 0}
  m_PrefabInternal: {fileID: 100100000}
  m_GameObject: {fileID: 100046}
  m_LocalRotation: {x: 0, y: 0, z: 0, w: 1}
  m_LocalPosition: {x: -.0718877912, y: -6.22983932, z: 38.7795982}
  m_LocalScale: {x: 1, y: 1, z: 1}
  m_Children:
  - {fileID: 400048}
  - {fileID: 400050}
  - {fileID: 400052}
  m_Father: {fileID: 400044}
--- !u!4 &400048
Transform:
  m_ObjectHideFlags: 1
  m_PrefabParentObject: {fileID: 0}
  m_PrefabInternal: {fileID: 100100000}
  m_GameObject: {fileID: 100050}
  m_LocalRotation: {x: 0, y: 0, z: 0, w: 1}
  m_LocalPosition: {x: -.0299414918, y: 1.55647659, z: 1.57668686}
  m_LocalScale: {x: 1, y: 1, z: 1}
  m_Children: []
  m_Father: {fileID: 400046}
--- !u!4 &400050
Transform:
  m_ObjectHideFlags: 1
  m_PrefabParentObject: {fileID: 0}
  m_PrefabInternal: {fileID: 100100000}
  m_GameObject: {fileID: 100052}
  m_LocalRotation: {x: 0, y: -0, z: 0, w: 1}
  m_LocalPosition: {x: 0, y: 0, z: 0}
  m_LocalScale: {x: 1, y: 1, z: 1}
  m_Children:
  - {fileID: 400054}
  m_Father: {fileID: 400046}
--- !u!4 &400052
Transform:
  m_ObjectHideFlags: 1
  m_PrefabParentObject: {fileID: 0}
  m_PrefabInternal: {fileID: 100100000}
  m_GameObject: {fileID: 100048}
  m_LocalRotation: {x: 0, y: -0, z: 0, w: 1}
  m_LocalPosition: {x: 0, y: 0, z: 0}
  m_LocalScale: {x: 1, y: 1, z: 1}
  m_Children: []
  m_Father: {fileID: 400046}
--- !u!4 &400054
Transform:
  m_ObjectHideFlags: 1
  m_PrefabParentObject: {fileID: 0}
  m_PrefabInternal: {fileID: 100100000}
  m_GameObject: {fileID: 100054}
  m_LocalRotation: {x: .801450133, y: .0815417245, z: .145997062, w: .574206829}
  m_LocalPosition: {x: -.000379583536, y: 1.04037929, z: -.00787193421}
  m_LocalScale: {x: 1, y: 1, z: .99999994}
  m_Children:
  - {fileID: 400056}
  - {fileID: 400058}
  - {fileID: 400060}
  m_Father: {fileID: 400050}
--- !u!4 &400056
Transform:
  m_ObjectHideFlags: 1
  m_PrefabParentObject: {fileID: 0}
  m_PrefabInternal: {fileID: 100100000}
  m_GameObject: {fileID: 100056}
  m_LocalRotation: {x: -.43392399, y: .389472604, z: -.602525294, w: .544962645}
  m_LocalPosition: {x: -.0939039811, y: 1.03163096e-08, z: -1.33999398e-08}
  m_LocalScale: {x: 1.00000012, y: 1.00000036, z: 1.00000012}
  m_Children:
  - {fileID: 400062}
  m_Father: {fileID: 400054}
--- !u!4 &400058
Transform:
  m_ObjectHideFlags: 1
  m_PrefabParentObject: {fileID: 0}
  m_PrefabInternal: {fileID: 100100000}
  m_GameObject: {fileID: 100064}
  m_LocalRotation: {x: -.00302864471, y: .560143411, z: -.0385158658, w: .827494264}
  m_LocalPosition: {x: .0751790777, y: 1.65390031e-08, z: .0562678613}
  m_LocalScale: {x: 1, y: 1, z: 1}
  m_Children:
  - {fileID: 400068}
  m_Father: {fileID: 400054}
--- !u!4 &400060
Transform:
  m_ObjectHideFlags: 1
  m_PrefabParentObject: {fileID: 0}
  m_PrefabInternal: {fileID: 100100000}
  m_GameObject: {fileID: 100072}
  m_LocalRotation: {x: .0292379986, y: -.814020872, z: -.0200009309, w: .579754353}
  m_LocalPosition: {x: .0477441028, y: 4.60742833e-10, z: -.143469453}
  m_LocalScale: {x: .999999881, y: .999999821, z: .999999881}
  m_Children:
  - {fileID: 400074}
  m_Father: {fileID: 400054}
--- !u!4 &400062
Transform:
  m_ObjectHideFlags: 1
  m_PrefabParentObject: {fileID: 0}
  m_PrefabInternal: {fileID: 100100000}
  m_GameObject: {fileID: 100058}
  m_LocalRotation: {x: -.0293066222, y: -.020626504, z: .575202703, w: .817225516}
  m_LocalPosition: {x: -.400629044, y: -1.62277756e-05, z: -4.44197124e-09}
  m_LocalScale: {x: .999999821, y: .999999762, z: .999999762}
  m_Children:
  - {fileID: 400064}
  m_Father: {fileID: 400056}
--- !u!4 &400064
Transform:
  m_ObjectHideFlags: 1
  m_PrefabParentObject: {fileID: 0}
  m_PrefabInternal: {fileID: 100100000}
  m_GameObject: {fileID: 100060}
  m_LocalRotation: {x: -.0302603375, y: .00190141122, z: -.65473175, w: .755253017}
  m_LocalPosition: {x: -.34359318, y: 4.82816745e-07, z: 1.3708056e-08}
  m_LocalScale: {x: .999999821, y: .999999762, z: .999999881}
  m_Children:
  - {fileID: 400066}
  m_Father: {fileID: 400062}
--- !u!4 &400066
Transform:
  m_ObjectHideFlags: 1
  m_PrefabParentObject: {fileID: 0}
  m_PrefabInternal: {fileID: 100100000}
  m_GameObject: {fileID: 100062}
  m_LocalRotation: {x: -.128486201, y: -.733041465, z: -.128017575, w: .655555606}
  m_LocalPosition: {x: -.271158636, y: 4.63653329e-08, z: -1.19680621e-07}
  m_LocalScale: {x: .999999762, y: .999999762, z: .999999702}
  m_Children: []
  m_Father: {fileID: 400064}
--- !u!4 &400068
Transform:
  m_ObjectHideFlags: 1
  m_PrefabParentObject: {fileID: 0}
  m_PrefabInternal: {fileID: 100100000}
  m_GameObject: {fileID: 100066}
  m_LocalRotation: {x: .0115125123, y: .00637776125, z: .484672725, w: .874596536}
  m_LocalPosition: {x: -.400628716, y: 2.66676693e-06, z: -1.01943544e-06}
  m_LocalScale: {x: .999999881, y: 1, z: .999999821}
  m_Children:
  - {fileID: 400070}
  m_Father: {fileID: 400058}
--- !u!4 &400070
Transform:
  m_ObjectHideFlags: 1
  m_PrefabParentObject: {fileID: 0}
  m_PrefabInternal: {fileID: 100100000}
  m_GameObject: {fileID: 100068}
  m_LocalRotation: {x: -.000383319391, y: .0156264175, z: -.400020003, w: .916373134}
  m_LocalPosition: {x: -.343593031, y: 1.7799087e-07, z: -6.94169202e-08}
  m_LocalScale: {x: 1, y: 1, z: 1}
  m_Children:
  - {fileID: 400072}
  m_Father: {fileID: 400068}
--- !u!4 &400072
Transform:
  m_ObjectHideFlags: 1
  m_PrefabParentObject: {fileID: 0}
  m_PrefabInternal: {fileID: 100100000}
  m_GameObject: {fileID: 100070}
  m_LocalRotation: {x: -.122079156, y: -.696488857, z: -.122079156, w: .696488857}
  m_LocalPosition: {x: -.271158606, y: -5.8972784e-08, z: 8.58306848e-08}
  m_LocalScale: {x: .999999762, y: .999999881, z: .999999881}
  m_Children: []
  m_Father: {fileID: 400070}
--- !u!4 &400074
Transform:
  m_ObjectHideFlags: 1
  m_PrefabParentObject: {fileID: 0}
  m_PrefabInternal: {fileID: 100100000}
  m_GameObject: {fileID: 100074}
  m_LocalRotation: {x: 0, y: -0, z: -.0436194055, w: .999048233}
  m_LocalPosition: {x: -.167269811, y: 3.33797843e-08, z: 2.48109764e-08}
  m_LocalScale: {x: .99999994, y: .999999881, z: .99999994}
  m_Children:
  - {fileID: 400076}
  m_Father: {fileID: 400060}
--- !u!4 &400076
Transform:
  m_ObjectHideFlags: 1
  m_PrefabParentObject: {fileID: 0}
  m_PrefabInternal: {fileID: 100100000}
  m_GameObject: {fileID: 100076}
  m_LocalRotation: {x: -.0586801469, y: .518955469, z: -.0958168283, w: .84738481}
  m_LocalPosition: {x: -.167269811, y: -4.14294571e-10, z: 2.96676728e-08}
  m_LocalScale: {x: .999999702, y: .99999994, z: .999999762}
  m_Children:
  - {fileID: 400078}
  - {fileID: 400080}
  - {fileID: 400082}
  m_Father: {fileID: 400074}
--- !u!4 &400078
Transform:
  m_ObjectHideFlags: 1
  m_PrefabParentObject: {fileID: 0}
  m_PrefabInternal: {fileID: 100100000}
  m_GameObject: {fileID: 100078}
  m_LocalRotation: {x: -.0185342692, y: .163913354, z: .110818349, w: .980055213}
  m_LocalPosition: {x: -.0958459824, y: 1.50306541e-08, z: 3.13837383e-08}
  m_LocalScale: {x: .999999821, y: .99999994, z: 1}
  m_Children:
  - {fileID: 400084}
  m_Father: {fileID: 400076}
--- !u!4 &400080
Transform:
  m_ObjectHideFlags: 1
  m_PrefabParentObject: {fileID: 0}
  m_PrefabInternal: {fileID: 100100000}
  m_GameObject: {fileID: 100126}
  m_LocalRotation: {x: .0132268788, y: -.522094965, z: .169306681, w: .83580929}
  m_LocalPosition: {x: -.0741021112, y: -.0169750266, z: -.148996592}
  m_LocalScale: {x: .999999821, y: .99999994, z: .999999881}
  m_Children:
  - {fileID: 400130}
  m_Father: {fileID: 400076}
--- !u!4 &400082
Transform:
  m_ObjectHideFlags: 1
  m_PrefabParentObject: {fileID: 0}
  m_PrefabInternal: {fileID: 100100000}
  m_GameObject: {fileID: 100130}
  m_LocalRotation: {x: -.107135572, y: .94748503, z: -.0338556617, w: -.299412549}
  m_LocalPosition: {x: .0486674681, y: .0331045836, z: -.0756440014}
  m_LocalScale: {x: 1, y: .99999994, z: .999999821}
  m_Children:
  - {fileID: 400132}
  m_Father: {fileID: 400076}
--- !u!4 &400084
Transform:
  m_ObjectHideFlags: 1
  m_PrefabParentObject: {fileID: 0}
  m_PrefabInternal: {fileID: 100100000}
  m_GameObject: {fileID: 100080}
  m_LocalRotation: {x: .397110671, y: .656234562, z: .243599042, w: .59356451}
  m_LocalPosition: {x: -.134998962, y: 1.18479235e-08, z: 2.18822436e-08}
  m_LocalScale: {x: .999999762, y: 1, z: .999999821}
  m_Children:
  - {fileID: 400086}
  m_Father: {fileID: 400078}
--- !u!4 &400086
Transform:
  m_ObjectHideFlags: 1
  m_PrefabParentObject: {fileID: 0}
  m_PrefabInternal: {fileID: 100100000}
  m_GameObject: {fileID: 100082}
  m_LocalRotation: {x: 3.69344198e-05, y: -5.04401578e-05, z: -.69181633, w: .722073495}
  m_LocalPosition: {x: -.306502104, y: 8.12258259e-06, z: -1.62811903e-05}
  m_LocalScale: {x: .999999881, y: .999999702, z: .999999881}
  m_Children:
  - {fileID: 400088}
  m_Father: {fileID: 400084}
--- !u!4 &400088
Transform:
  m_ObjectHideFlags: 1
  m_PrefabParentObject: {fileID: 0}
  m_PrefabInternal: {fileID: 100100000}
  m_GameObject: {fileID: 100084}
  m_LocalRotation: {x: .14798066, y: .122978494, z: -.219278321, w: .956501484}
  m_LocalPosition: {x: -.266902238, y: 4.32202398e-07, z: 9.14464593e-09}
  m_LocalScale: {x: 1, y: 1, z: 1}
  m_Children:
  - {fileID: 400090}
  - {fileID: 400092}
  - {fileID: 400094}
  - {fileID: 400096}
  - {fileID: 400098}
  m_Father: {fileID: 400086}
--- !u!4 &400090
Transform:
  m_ObjectHideFlags: 1
  m_PrefabParentObject: {fileID: 0}
  m_PrefabInternal: {fileID: 100100000}
  m_GameObject: {fileID: 100086}
  m_LocalRotation: {x: -.0307478867, y: .115832314, z: .218112275, w: .968537271}
  m_LocalPosition: {x: -.11346475, y: -.0200514887, z: -.0172655229}
  m_LocalScale: {x: .99999994, y: .99999994, z: .999999821}
  m_Children:
  - {fileID: 400100}
  m_Father: {fileID: 400088}
--- !u!4 &400092
Transform:
  m_ObjectHideFlags: 1
  m_PrefabParentObject: {fileID: 0}
  m_PrefabInternal: {fileID: 100100000}
  m_GameObject: {fileID: 100094}
  m_LocalRotation: {x: -.0176842045, y: .0721022785, z: .237485006, w: .968550205}
  m_LocalPosition: {x: -.104641207, y: -.039889928, z: -.0189127624}
  m_LocalScale: {x: .999999881, y: .99999994, z: .999999881}
  m_Children:
  - {fileID: 400106}
  m_Father: {fileID: 400088}
--- !u!4 &400094
Transform:
  m_ObjectHideFlags: 1
  m_PrefabParentObject: {fileID: 0}
  m_PrefabInternal: {fileID: 100100000}
  m_GameObject: {fileID: 100102}
  m_LocalRotation: {x: -.00807452295, y: .0329261944, z: .238036931, w: .970664263}
  m_LocalPosition: {x: -.0830934197, y: -.0839833468, z: -.0111878738}
  m_LocalScale: {x: .99999994, y: .99999994, z: .999999881}
  m_Children:
  - {fileID: 400112}
  m_Father: {fileID: 400088}
--- !u!4 &400096
Transform:
  m_ObjectHideFlags: 1
  m_PrefabParentObject: {fileID: 0}
  m_PrefabInternal: {fileID: 100100000}
  m_GameObject: {fileID: 100110}
  m_LocalRotation: {x: -.0392156318, y: .159913063, z: .234923184, w: .957967162}
  m_LocalPosition: {x: -.0929923505, y: -.0671438947, z: -.0216010176}
  m_LocalScale: {x: .999999881, y: .99999994, z: .999999821}
  m_Children:
  - {fileID: 400118}
  m_Father: {fileID: 400088}
--- !u!4 &400098
Transform:
  m_ObjectHideFlags: 1
  m_PrefabParentObject: {fileID: 0}
  m_PrefabInternal: {fileID: 100100000}
  m_GameObject: {fileID: 100118}
  m_LocalRotation: {x: -.195988476, y: .259572715, z: -.156021327, w: .932667077}
  m_LocalPosition: {x: -.103660211, y: 4.96604784e-08, z: 1.79821562e-08}
  m_LocalScale: {x: .99999994, y: .999999881, z: .999999702}
  m_Children:
  - {fileID: 400124}
  m_Father: {fileID: 400088}
--- !u!4 &400100
Transform:
  m_ObjectHideFlags: 1
  m_PrefabParentObject: {fileID: 0}
  m_PrefabInternal: {fileID: 100100000}
  m_GameObject: {fileID: 100088}
  m_LocalRotation: {x: .00040530361, y: 6.80186858e-08, z: .00690398738, w: .999976099}
  m_LocalPosition: {x: -.0387813039, y: 5.73921222e-09, z: 1.20807726e-07}
  m_LocalScale: {x: .999999881, y: .99999994, z: .999999881}
  m_Children:
  - {fileID: 400102}
  m_Father: {fileID: 400090}
--- !u!4 &400102
Transform:
  m_ObjectHideFlags: 1
  m_PrefabParentObject: {fileID: 0}
  m_PrefabInternal: {fileID: 100100000}
  m_GameObject: {fileID: 100090}
  m_LocalRotation: {x: .00126838416, y: -.0553999878, z: .0012777606, w: .998462617}
  m_LocalPosition: {x: -.0382549055, y: 5.20172172e-08, z: -1.25318905e-07}
  m_LocalScale: {x: .99999994, y: 1, z: .999999881}
  m_Children:
  - {fileID: 400104}
  m_Father: {fileID: 400100}
--- !u!4 &400104
Transform:
  m_ObjectHideFlags: 1
  m_PrefabParentObject: {fileID: 0}
  m_PrefabInternal: {fileID: 100100000}
  m_GameObject: {fileID: 100092}
  m_LocalRotation: {x: -.699771821, y: -.101826064, z: -.0864200741, w: .701770961}
  m_LocalPosition: {x: -.031568788, y: -4.04432976e-09, z: -4.33587815e-08}
  m_LocalScale: {x: .999999881, y: .999999881, z: .999999821}
  m_Children: []
  m_Father: {fileID: 400102}
--- !u!4 &400106
Transform:
  m_ObjectHideFlags: 1
  m_PrefabParentObject: {fileID: 0}
  m_PrefabInternal: {fileID: 100100000}
  m_GameObject: {fileID: 100096}
  m_LocalRotation: {x: -9.9576809e-08, y: -2.55867849e-06, z: 1.20809591e-05, w: 1}
  m_LocalPosition: {x: -.0463563763, y: 2.43951455e-08, z: -1.17497862e-07}
  m_LocalScale: {x: .999999881, y: .99999994, z: .99999994}
  m_Children:
  - {fileID: 400108}
  m_Father: {fileID: 400092}
--- !u!4 &400108
Transform:
  m_ObjectHideFlags: 1
  m_PrefabParentObject: {fileID: 0}
  m_PrefabInternal: {fileID: 100100000}
  m_GameObject: {fileID: 100098}
  m_LocalRotation: {x: 5.83372866e-06, y: -.126411334, z: -1.67683027e-06, w: .99197793}
  m_LocalPosition: {x: -.0418220647, y: 4.01044709e-09, z: 8.73654429e-08}
  m_LocalScale: {x: .999999762, y: .99999994, z: .999999881}
  m_Children:
  - {fileID: 400110}
  m_Father: {fileID: 400106}
--- !u!4 &400110
Transform:
  m_ObjectHideFlags: 1
  m_PrefabParentObject: {fileID: 0}
  m_PrefabInternal: {fileID: 100100000}
  m_GameObject: {fileID: 100100}
  m_LocalRotation: {x: -.706887007, y: -.0176273864, z: -.0175960399, w: .706887841}
  m_LocalPosition: {x: -.0278722011, y: 3.98595503e-08, z: -6.08227708e-08}
  m_LocalScale: {x: 1, y: 1, z: 1.00000012}
  m_Children: []
  m_Father: {fileID: 400108}
--- !u!4 &400112
Transform:
  m_ObjectHideFlags: 1
  m_PrefabParentObject: {fileID: 0}
  m_PrefabInternal: {fileID: 100100000}
  m_GameObject: {fileID: 100104}
  m_LocalRotation: {x: -7.89546095e-10, y: .0337784141, z: 2.33609416e-08, w: .999429405}
  m_LocalPosition: {x: -.0244268626, y: 1.58062736e-08, z: 7.49310018e-08}
  m_LocalScale: {x: .99999994, y: .99999994, z: .99999994}
  m_Children:
  - {fileID: 400114}
  m_Father: {fileID: 400094}
--- !u!4 &400114
Transform:
  m_ObjectHideFlags: 1
  m_PrefabParentObject: {fileID: 0}
  m_PrefabInternal: {fileID: 100100000}
  m_GameObject: {fileID: 100106}
  m_LocalRotation: {x: -7.61226104e-09, y: -.041997239, z: -1.81096311e-07, w: .999117732}
  m_LocalPosition: {x: -.0306590833, y: 1.46871617e-08, z: 3.36529951e-08}
  m_LocalScale: {x: 1, y: 1, z: 1}
  m_Children:
  - {fileID: 400116}
  m_Father: {fileID: 400112}
--- !u!4 &400116
Transform:
  m_ObjectHideFlags: 1
  m_PrefabParentObject: {fileID: 0}
  m_PrefabInternal: {fileID: 100100000}
  m_GameObject: {fileID: 100108}
  m_LocalRotation: {x: -.702733099, y: -.0785250068, z: -.0785247907, w: .702733159}
  m_LocalPosition: {x: -.0251517259, y: -2.66868749e-08, z: -7.09952062e-08}
  m_LocalScale: {x: .999999821, y: .99999994, z: .999999821}
  m_Children: []
  m_Father: {fileID: 400114}
--- !u!4 &400118
Transform:
  m_ObjectHideFlags: 1
  m_PrefabParentObject: {fileID: 0}
  m_PrefabInternal: {fileID: 100100000}
  m_GameObject: {fileID: 100112}
  m_LocalRotation: {x: -7.92234862e-14, y: 2.42226201e-06, z: 3.27064065e-08, w: 1}
  m_LocalPosition: {x: -.029806735, y: 9.07437769e-09, z: 3.91965784e-08}
  m_LocalScale: {x: .999999821, y: .999999881, z: .999999762}
  m_Children:
  - {fileID: 400120}
  m_Father: {fileID: 400096}
--- !u!4 &400120
Transform:
  m_ObjectHideFlags: 1
  m_PrefabParentObject: {fileID: 0}
  m_PrefabInternal: {fileID: 100100000}
  m_GameObject: {fileID: 100114}
  m_LocalRotation: {x: 4.77715822e-09, y: -.0467442647, z: 1.02086027e-07, w: .99890691}
  m_LocalPosition: {x: -.0359458588, y: 1.62313487e-08, z: -1.33823292e-07}
  m_LocalScale: {x: .999999821, y: .99999994, z: .999999821}
  m_Children:
  - {fileID: 400122}
  m_Father: {fileID: 400118}
--- !u!4 &400122
Transform:
  m_ObjectHideFlags: 1
  m_PrefabParentObject: {fileID: 0}
  m_PrefabInternal: {fileID: 100100000}
  m_GameObject: {fileID: 100116}
  m_LocalRotation: {x: -.703797638, y: -.0683293194, z: -.0683294758, w: .703797638}
  m_LocalPosition: {x: -.0348750092, y: 3.01783807e-08, z: 1.04908253e-07}
  m_LocalScale: {x: .999999881, y: .999999881, z: .999999762}
  m_Children: []
  m_Father: {fileID: 400120}
--- !u!4 &400124
Transform:
  m_ObjectHideFlags: 1
  m_PrefabParentObject: {fileID: 0}
  m_PrefabInternal: {fileID: 100100000}
  m_GameObject: {fileID: 100120}
  m_LocalRotation: {x: -.0626213178, y: .0308565106, z: .0314771906, w: .997063518}
  m_LocalPosition: {x: -.0264193863, y: -2.48791316e-08, z: -3.90222645e-08}
  m_LocalScale: {x: .99999994, y: .999999881, z: .999999821}
  m_Children:
  - {fileID: 400126}
  m_Father: {fileID: 400098}
--- !u!4 &400126
Transform:
  m_ObjectHideFlags: 1
  m_PrefabParentObject: {fileID: 0}
  m_PrefabInternal: {fileID: 100100000}
  m_GameObject: {fileID: 100122}
  m_LocalRotation: {x: -.103556134, y: .0838141143, z: -.0803664848, w: .987822115}
  m_LocalPosition: {x: -.0197453033, y: 1.05216976e-07, z: -1.41149092e-10}
  m_LocalScale: {x: 1, y: .99999994, z: .999999762}
  m_Children:
  - {fileID: 400128}
  m_Father: {fileID: 400124}
--- !u!4 &400128
Transform:
  m_ObjectHideFlags: 1
  m_PrefabParentObject: {fileID: 0}
  m_PrefabInternal: {fileID: 100100000}
  m_GameObject: {fileID: 100124}
  m_LocalRotation: {x: -.304702133, y: -.638088226, z: -.108281553, w: .698766828}
  m_LocalPosition: {x: -.0205999147, y: -1.11309276e-07, z: 3.0861397e-08}
  m_LocalScale: {x: .999999881, y: .99999994, z: .999999762}
  m_Children: []
  m_Father: {fileID: 400126}
--- !u!4 &400130
Transform:
  m_ObjectHideFlags: 1
  m_PrefabParentObject: {fileID: 0}
  m_PrefabInternal: {fileID: 100100000}
  m_GameObject: {fileID: 100128}
  m_LocalRotation: {x: -.518982291, y: -.480268061, z: -.480268061, w: .518982291}
  m_LocalPosition: {x: -.24249132, y: 5.10259479e-09, z: 4.37242704e-08}
  m_LocalScale: {x: 1, y: 1, z: .999999762}
  m_Children: []
  m_Father: {fileID: 400080}
--- !u!4 &400132
Transform:
  m_ObjectHideFlags: 1
  m_PrefabParentObject: {fileID: 0}
  m_PrefabInternal: {fileID: 100100000}
  m_GameObject: {fileID: 100132}
  m_LocalRotation: {x: .0498852618, y: -.281001925, z: -.519948304, w: .805110633}
  m_LocalPosition: {x: -.134998918, y: 3.5740495e-08, z: -4.60329197e-08}
  m_LocalScale: {x: .999999821, y: .999999881, z: .999999762}
  m_Children:
  - {fileID: 400134}
  m_Father: {fileID: 400082}
--- !u!4 &400134
Transform:
  m_ObjectHideFlags: 1
  m_PrefabParentObject: {fileID: 0}
  m_PrefabInternal: {fileID: 100100000}
  m_GameObject: {fileID: 100134}
  m_LocalRotation: {x: -3.15120496e-06, y: .000164539815, z: -.195476666, w: .980708361}
  m_LocalPosition: {x: -.306501985, y: 2.26687098e-06, z: 1.55043035e-05}
  m_LocalScale: {x: .999999821, y: .99999994, z: .999999762}
  m_Children:
  - {fileID: 400136}
  m_Father: {fileID: 400132}
--- !u!4 &400136
Transform:
  m_ObjectHideFlags: 1
  m_PrefabParentObject: {fileID: 0}
  m_PrefabInternal: {fileID: 100100000}
  m_GameObject: {fileID: 100136}
  m_LocalRotation: {x: .188086808, y: -.0405600145, z: -.248098969, w: .949434102}
  m_LocalPosition: {x: -.266902298, y: -1.52612301e-06, z: -3.19138778e-08}
  m_LocalScale: {x: 1.00000012, y: 1, z: 1}
  m_Children:
  - {fileID: 400138}
  - {fileID: 400140}
  - {fileID: 400142}
  - {fileID: 400144}
  - {fileID: 400146}
  m_Father: {fileID: 400134}
--- !u!4 &400138
Transform:
  m_ObjectHideFlags: 1
  m_PrefabParentObject: {fileID: 0}
  m_PrefabInternal: {fileID: 100100000}
  m_GameObject: {fileID: 100138}
  m_LocalRotation: {x: .0307478867, y: -.115832314, z: .218112275, w: .968537271}
  m_LocalPosition: {x: -.11346481, y: -.0200515296, z: .017265521}
  m_LocalScale: {x: .999999821, y: .999999821, z: .999999821}
  m_Children:
  - {fileID: 400148}
  m_Father: {fileID: 400136}
--- !u!4 &400140
Transform:
  m_ObjectHideFlags: 1
  m_PrefabParentObject: {fileID: 0}
  m_PrefabInternal: {fileID: 100100000}
  m_GameObject: {fileID: 100146}
  m_LocalRotation: {x: .0176842045, y: -.0721022785, z: .237485006, w: .968550205}
  m_LocalPosition: {x: -.104641207, y: -.0398899391, z: .0189127252}
  m_LocalScale: {x: .999999762, y: .999999762, z: .999999762}
  m_Children:
  - {fileID: 400154}
  m_Father: {fileID: 400136}
--- !u!4 &400142
Transform:
  m_ObjectHideFlags: 1
  m_PrefabParentObject: {fileID: 0}
  m_PrefabInternal: {fileID: 100100000}
  m_GameObject: {fileID: 100154}
  m_LocalRotation: {x: .00807452295, y: -.0329261944, z: .238036931, w: .970664263}
  m_LocalPosition: {x: -.0830933526, y: -.0839833543, z: .0111878226}
  m_LocalScale: {x: 1.00000012, y: 1.00000024, z: 1.00000012}
  m_Children:
  - {fileID: 400160}
  m_Father: {fileID: 400136}
--- !u!4 &400144
Transform:
  m_ObjectHideFlags: 1
  m_PrefabParentObject: {fileID: 0}
  m_PrefabInternal: {fileID: 100100000}
  m_GameObject: {fileID: 100162}
  m_LocalRotation: {x: .0392156318, y: -.159913063, z: .234923184, w: .957967162}
  m_LocalPosition: {x: -.092992343, y: -.0671439543, z: .0216009524}
  m_LocalScale: {x: .999999821, y: .999999821, z: .999999821}
  m_Children:
  - {fileID: 400166}
  m_Father: {fileID: 400136}
--- !u!4 &400146
Transform:
  m_ObjectHideFlags: 1
  m_PrefabParentObject: {fileID: 0}
  m_PrefabInternal: {fileID: 100100000}
  m_GameObject: {fileID: 100170}
  m_LocalRotation: {x: .195988476, y: -.259572715, z: -.156021327, w: .932667077}
  m_LocalPosition: {x: -.103660196, y: 2.69651004e-08, z: -4.70114578e-08}
  m_LocalScale: {x: .999999821, y: .999999821, z: .999999881}
  m_Children:
  - {fileID: 400172}
  m_Father: {fileID: 400136}
--- !u!4 &400148
Transform:
  m_ObjectHideFlags: 1
  m_PrefabParentObject: {fileID: 0}
  m_PrefabInternal: {fileID: 100100000}
  m_GameObject: {fileID: 100140}
  m_LocalRotation: {x: -.000405318366, y: 2.06766049e-06, z: .00690398691, w: .999976099}
  m_LocalPosition: {x: -.0387813672, y: 5.91050764e-08, z: -2.835489e-08}
  m_LocalScale: {x: .999999464, y: .999999464, z: .999999464}
  m_Children:
  - {fileID: 400150}
  m_Father: {fileID: 400138}
--- !u!4 &400150
Transform:
  m_ObjectHideFlags: 1
  m_PrefabParentObject: {fileID: 0}
  m_PrefabInternal: {fileID: 100100000}
  m_GameObject: {fileID: 100142}
  m_LocalRotation: {x: -.00126838416, y: .0553999878, z: .0012777606, w: .998462617}
  m_LocalPosition: {x: -.0382549167, y: -3.99360403e-08, z: 4.63748897e-08}
  m_LocalScale: {x: .999999821, y: .999999821, z: .999999821}
  m_Children:
  - {fileID: 400152}
  m_Father: {fileID: 400148}
--- !u!4 &400152
Transform:
  m_ObjectHideFlags: 1
  m_PrefabParentObject: {fileID: 0}
  m_PrefabInternal: {fileID: 100100000}
  m_GameObject: {fileID: 100144}
  m_LocalRotation: {x: .0866805166, y: .70180881, z: .699739575, w: -.101564869}
  m_LocalPosition: {x: -.031568829, y: -5.08176115e-08, z: 1.99250305e-08}
  m_LocalScale: {x: .99999994, y: .999999881, z: 1}
  m_Children: []
  m_Father: {fileID: 400150}
--- !u!4 &400154
Transform:
  m_ObjectHideFlags: 1
  m_PrefabParentObject: {fileID: 0}
  m_PrefabInternal: {fileID: 100100000}
  m_GameObject: {fileID: 100148}
  m_LocalRotation: {x: 9.95787204e-08, y: 2.40055329e-06, z: 1.20809591e-05, w: 1}
  m_LocalPosition: {x: -.0463563688, y: 7.78837883e-09, z: 1.38116405e-07}
  m_LocalScale: {x: 1.00000024, y: 1.00000024, z: 1.00000024}
  m_Children:
  - {fileID: 400156}
  m_Father: {fileID: 400140}
--- !u!4 &400156
Transform:
  m_ObjectHideFlags: 1
  m_PrefabParentObject: {fileID: 0}
  m_PrefabInternal: {fileID: 100100000}
  m_GameObject: {fileID: 100150}
  m_LocalRotation: {x: -5.83372866e-06, y: .126411334, z: -1.67683027e-06, w: .99197793}
  m_LocalPosition: {x: -.0418220386, y: 8.7984855e-09, z: -1.20382936e-07}
  m_LocalScale: {x: 1.00000024, y: 1.00000024, z: 1.00000024}
  m_Children:
  - {fileID: 400158}
  m_Father: {fileID: 400154}
--- !u!4 &400158
Transform:
  m_ObjectHideFlags: 1
  m_PrefabParentObject: {fileID: 0}
  m_PrefabInternal: {fileID: 100100000}
  m_GameObject: {fileID: 100152}
  m_LocalRotation: {x: .0177276079, y: .70689106, z: .706883788, w: -.0174958147}
  m_LocalPosition: {x: -.0278722011, y: -5.20076995e-08, z: 2.53816204e-08}
  m_LocalScale: {x: .99999994, y: .999999762, z: .999999821}
  m_Children: []
  m_Father: {fileID: 400156}
--- !u!4 &400160
Transform:
  m_ObjectHideFlags: 1
  m_PrefabParentObject: {fileID: 0}
  m_PrefabInternal: {fileID: 100100000}
  m_GameObject: {fileID: 100156}
  m_LocalRotation: {x: 7.89546373e-10, y: -.0337784141, z: 2.33609505e-08, w: .999429405}
  m_LocalPosition: {x: -.0244269129, y: -6.5961359e-08, z: -6.29926973e-08}
  m_LocalScale: {x: .999999821, y: .999999762, z: .999999821}
  m_Children:
  - {fileID: 400162}
  m_Father: {fileID: 400142}
--- !u!4 &400162
Transform:
  m_ObjectHideFlags: 1
  m_PrefabParentObject: {fileID: 0}
  m_PrefabInternal: {fileID: 100100000}
  m_GameObject: {fileID: 100158}
  m_LocalRotation: {x: 7.61226104e-09, y: .041997239, z: -1.81096311e-07, w: .999117732}
  m_LocalPosition: {x: -.0306591392, y: -7.06152505e-08, z: -4.22174438e-08}
  m_LocalScale: {x: .999999762, y: .999999762, z: .999999762}
  m_Children:
  - {fileID: 400164}
  m_Father: {fileID: 400160}
--- !u!4 &400164
Transform:
  m_ObjectHideFlags: 1
  m_PrefabParentObject: {fileID: 0}
  m_PrefabInternal: {fileID: 100100000}
  m_GameObject: {fileID: 100160}
  m_LocalRotation: {x: .0786555856, y: .702747762, z: .702718496, w: -.0783942044}
  m_LocalPosition: {x: -.0251517482, y: 9.65749791e-09, z: 1.11569939e-07}
  m_LocalScale: {x: .99999994, y: .999999821, z: .999999881}
  m_Children: []
  m_Father: {fileID: 400162}
--- !u!4 &400166
Transform:
  m_ObjectHideFlags: 1
  m_PrefabParentObject: {fileID: 0}
  m_PrefabInternal: {fileID: 100100000}
  m_GameObject: {fileID: 100164}
  m_LocalRotation: {x: 1.32301518e-13, y: -4.04512548e-06, z: 3.27064065e-08, w: 1}
  m_LocalPosition: {x: -.0298066828, y: 2.44596787e-08, z: -9.90214346e-08}
  m_LocalScale: {x: 1.00000012, y: 1.00000024, z: 1.00000012}
  m_Children:
  - {fileID: 400168}
  m_Father: {fileID: 400144}
--- !u!4 &400168
Transform:
  m_ObjectHideFlags: 1
  m_PrefabParentObject: {fileID: 0}
  m_PrefabInternal: {fileID: 100100000}
  m_GameObject: {fileID: 100166}
  m_LocalRotation: {x: -4.77715822e-09, y: .0467442647, z: 1.02086027e-07, w: .99890691}
  m_LocalPosition: {x: -.0359458365, y: 7.68597062e-08, z: 1.79309254e-07}
  m_LocalScale: {x: .999999642, y: .999999642, z: .999999642}
  m_Children:
  - {fileID: 400170}
  m_Father: {fileID: 400166}
--- !u!4 &400170
Transform:
  m_ObjectHideFlags: 1
  m_PrefabParentObject: {fileID: 0}
  m_PrefabInternal: {fileID: 100100000}
  m_GameObject: {fileID: 100168}
  m_LocalRotation: {x: .068460457, y: .703810334, z: .703784883, w: -.0681983456}
  m_LocalPosition: {x: -.0348750427, y: -3.91105281e-08, z: -4.81015228e-08}
  m_LocalScale: {x: 1, y: .999999881, z: .99999994}
  m_Children: []
  m_Father: {fileID: 400168}
--- !u!4 &400172
Transform:
  m_ObjectHideFlags: 1
  m_PrefabParentObject: {fileID: 0}
  m_PrefabInternal: {fileID: 100100000}
  m_GameObject: {fileID: 100172}
  m_LocalRotation: {x: .0626214072, y: -.0308563784, z: .0314772725, w: .997063518}
  m_LocalPosition: {x: -.0264193937, y: -2.08321254e-08, z: 1.44736969e-08}
  m_LocalScale: {x: .999999464, y: .999999523, z: .999999464}
  m_Children:
  - {fileID: 400174}
  m_Father: {fileID: 400146}
--- !u!4 &400174
Transform:
  m_ObjectHideFlags: 1
  m_PrefabParentObject: {fileID: 0}
  m_PrefabInternal: {fileID: 100100000}
  m_GameObject: {fileID: 100174}
  m_LocalRotation: {x: .103556134, y: -.0838141143, z: -.0803664848, w: .987822115}
  m_LocalPosition: {x: -.0197453238, y: 1.24716109e-07, z: 5.70976972e-08}
  m_LocalScale: {x: .99999994, y: .999999881, z: .99999994}
  m_Children:
  - {fileID: 400176}
  m_Father: {fileID: 400172}
--- !u!4 &400176
Transform:
  m_ObjectHideFlags: 1
  m_PrefabParentObject: {fileID: 0}
  m_PrefabInternal: {fileID: 100100000}
  m_GameObject: {fileID: 100176}
  m_LocalRotation: {x: -.108281523, y: -.698766828, z: -.304702103, w: .638088286}
  m_LocalPosition: {x: -.0205999278, y: -7.96950061e-08, z: -3.06765351e-08}
  m_LocalScale: {x: .999999881, y: .999999642, z: .999999762}
  m_Children: []
  m_Father: {fileID: 400174}
--- !u!23 &2300000
Renderer:
  m_ObjectHideFlags: 1
  m_PrefabParentObject: {fileID: 0}
  m_PrefabInternal: {fileID: 100100000}
  m_GameObject: {fileID: 100040}
  m_Enabled: 1
  m_CastShadows: 0
  m_ReceiveShadows: 0
  m_LightmapIndex: 255
  m_LightmapTilingOffset: {x: 1, y: 1, z: 0, w: 0}
  m_Materials:
  - {fileID: 2100000, guid: 79f19d299dd6641b1b90cd3bbf81e43d, type: 2}
  - {fileID: 2100000, guid: 0114e0948360e4ff6ac1a7801108b563, type: 2}
  m_SubsetIndices: 
  m_StaticBatchRoot: {fileID: 0}
  m_UseLightProbes: 0
  m_LightProbeAnchor: {fileID: 0}
  m_ScaleInLightmap: 1
  m_SortingLayer: 0
  m_SortingOrder: 0
  m_SortingLayerID: 0
--- !u!23 &2300002
Renderer:
  m_ObjectHideFlags: 1
  m_PrefabParentObject: {fileID: 0}
  m_PrefabInternal: {fileID: 100100000}
  m_GameObject: {fileID: 100042}
  m_Enabled: 1
  m_CastShadows: 0
  m_ReceiveShadows: 0
  m_LightmapIndex: 255
  m_LightmapTilingOffset: {x: 1, y: 1, z: 0, w: 0}
  m_Materials:
  - {fileID: 2100000, guid: 79f19d299dd6641b1b90cd3bbf81e43d, type: 2}
  - {fileID: 2100000, guid: 0114e0948360e4ff6ac1a7801108b563, type: 2}
  m_SubsetIndices: 
  m_StaticBatchRoot: {fileID: 0}
  m_UseLightProbes: 0
  m_LightProbeAnchor: {fileID: 0}
  m_ScaleInLightmap: 1
  m_SortingLayer: 0
  m_SortingOrder: 0
  m_SortingLayerID: 0
--- !u!23 &2300004
Renderer:
  m_ObjectHideFlags: 1
  m_PrefabParentObject: {fileID: 0}
  m_PrefabInternal: {fileID: 100100000}
  m_GameObject: {fileID: 100036}
  m_Enabled: 1
  m_CastShadows: 0
  m_ReceiveShadows: 0
  m_LightmapIndex: 255
  m_LightmapTilingOffset: {x: 1, y: 1, z: 0, w: 0}
  m_Materials:
  - {fileID: 2100000, guid: 79f19d299dd6641b1b90cd3bbf81e43d, type: 2}
  - {fileID: 2100000, guid: 0114e0948360e4ff6ac1a7801108b563, type: 2}
  m_SubsetIndices: 
  m_StaticBatchRoot: {fileID: 0}
  m_UseLightProbes: 0
  m_LightProbeAnchor: {fileID: 0}
  m_ScaleInLightmap: 1
  m_SortingLayer: 0
  m_SortingOrder: 0
  m_SortingLayerID: 0
--- !u!23 &2300006
Renderer:
  m_ObjectHideFlags: 1
  m_PrefabParentObject: {fileID: 0}
  m_PrefabInternal: {fileID: 100100000}
  m_GameObject: {fileID: 100028}
  m_Enabled: 1
  m_CastShadows: 0
  m_ReceiveShadows: 0
  m_LightmapIndex: 255
  m_LightmapTilingOffset: {x: 1, y: 1, z: 0, w: 0}
  m_Materials:
  - {fileID: 2100000, guid: ff68762e80661433e9e48223c97da2c2, type: 2}
  - {fileID: 2100000, guid: 0114e0948360e4ff6ac1a7801108b563, type: 2}
  m_SubsetIndices: 
  m_StaticBatchRoot: {fileID: 0}
  m_UseLightProbes: 0
  m_LightProbeAnchor: {fileID: 0}
  m_ScaleInLightmap: 1
  m_SortingLayer: 0
  m_SortingOrder: 0
  m_SortingLayerID: 0
--- !u!23 &2300008
Renderer:
  m_ObjectHideFlags: 1
  m_PrefabParentObject: {fileID: 0}
  m_PrefabInternal: {fileID: 100100000}
  m_GameObject: {fileID: 100044}
  m_Enabled: 1
  m_CastShadows: 1
  m_ReceiveShadows: 1
  m_LightmapIndex: 10
  m_LightmapTilingOffset: {x: 1, y: 1, z: 0, w: 0}
  m_Materials:
  - {fileID: 2100000, guid: e988dbb1d29464b1eb9a219c52c101bd, type: 2}
  m_SubsetIndices: 
  m_StaticBatchRoot: {fileID: 0}
  m_UseLightProbes: 0
  m_LightProbeAnchor: {fileID: 0}
  m_ScaleInLightmap: 1
  m_SortingLayer: 0
  m_SortingOrder: 0
  m_SortingLayerID: 0
--- !u!33 &3300000
MeshFilter:
  m_ObjectHideFlags: 1
  m_PrefabParentObject: {fileID: 0}
  m_PrefabInternal: {fileID: 100100000}
  m_GameObject: {fileID: 100040}
  m_Mesh: {fileID: 4300000, guid: 764a0f47442d6471fb3dc293a759386e, type: 3}
--- !u!33 &3300002
MeshFilter:
  m_ObjectHideFlags: 1
  m_PrefabParentObject: {fileID: 0}
  m_PrefabInternal: {fileID: 100100000}
  m_GameObject: {fileID: 100042}
  m_Mesh: {fileID: 4300000, guid: 76d60cf09fe5d402eb7f3b0d05198619, type: 3}
--- !u!33 &3300004
MeshFilter:
  m_ObjectHideFlags: 1
  m_PrefabParentObject: {fileID: 0}
  m_PrefabInternal: {fileID: 100100000}
  m_GameObject: {fileID: 100036}
  m_Mesh: {fileID: 4300000, guid: 80f5ca525c0aa42b486b119c96d2ba94, type: 3}
--- !u!33 &3300006
MeshFilter:
  m_ObjectHideFlags: 1
  m_PrefabParentObject: {fileID: 0}
  m_PrefabInternal: {fileID: 100100000}
  m_GameObject: {fileID: 100028}
  m_Mesh: {fileID: 4300000, guid: bbde99140ec7940ffa0ad02b22b5d309, type: 3}
--- !u!33 &3300008
MeshFilter:
  m_ObjectHideFlags: 1
  m_PrefabParentObject: {fileID: 0}
  m_PrefabInternal: {fileID: 100100000}
  m_GameObject: {fileID: 100044}
  m_Mesh: {fileID: 4300000, guid: af488d758a3d44d7bb307c16717a44ba, type: 3}
--- !u!54 &5400000
Rigidbody:
  m_ObjectHideFlags: 1
  m_PrefabParentObject: {fileID: 0}
  m_PrefabInternal: {fileID: 100100000}
  m_GameObject: {fileID: 100040}
  serializedVersion: 2
  m_Mass: 1
  m_Drag: 0
  m_AngularDrag: .0500000007
  m_UseGravity: 0
  m_IsKinematic: 1
  m_Interpolate: 0
  m_Constraints: 0
  m_CollisionDetection: 0
--- !u!54 &5400002
Rigidbody:
  m_ObjectHideFlags: 1
  m_PrefabParentObject: {fileID: 0}
  m_PrefabInternal: {fileID: 100100000}
  m_GameObject: {fileID: 100042}
  serializedVersion: 2
  m_Mass: 1
  m_Drag: 0
  m_AngularDrag: .0500000007
  m_UseGravity: 0
  m_IsKinematic: 1
  m_Interpolate: 0
  m_Constraints: 0
  m_CollisionDetection: 0
--- !u!54 &5400004
Rigidbody:
  m_ObjectHideFlags: 1
  m_PrefabParentObject: {fileID: 0}
  m_PrefabInternal: {fileID: 100100000}
  m_GameObject: {fileID: 100036}
  serializedVersion: 2
  m_Mass: 1
  m_Drag: 0
  m_AngularDrag: .0500000007
  m_UseGravity: 0
  m_IsKinematic: 1
  m_Interpolate: 0
  m_Constraints: 0
  m_CollisionDetection: 0
--- !u!54 &5400006
Rigidbody:
  m_ObjectHideFlags: 1
  m_PrefabParentObject: {fileID: 0}
  m_PrefabInternal: {fileID: 100100000}
  m_GameObject: {fileID: 100034}
  serializedVersion: 2
  m_Mass: 1
  m_Drag: 0
  m_AngularDrag: .0500000007
  m_UseGravity: 0
  m_IsKinematic: 1
  m_Interpolate: 0
  m_Constraints: 0
  m_CollisionDetection: 0
--- !u!54 &5400008
Rigidbody:
  m_ObjectHideFlags: 1
  m_PrefabParentObject: {fileID: 0}
  m_PrefabInternal: {fileID: 100100000}
  m_GameObject: {fileID: 100046}
  serializedVersion: 2
  m_Mass: 1
  m_Drag: 0
  m_AngularDrag: .0500000007
  m_UseGravity: 0
  m_IsKinematic: 1
  m_Interpolate: 0
  m_Constraints: 0
  m_CollisionDetection: 0
--- !u!65 &6500000
BoxCollider:
  m_ObjectHideFlags: 1
  m_PrefabParentObject: {fileID: 0}
  m_PrefabInternal: {fileID: 100100000}
  m_GameObject: {fileID: 100000}
  m_Material: {fileID: 0}
  m_IsTrigger: 1
  m_Enabled: 1
  serializedVersion: 2
  m_Size: {x: .180000007, y: 3.16000009, z: 10.7299995}
  m_Center: {x: 0, y: 0, z: 0}
--- !u!65 &6500002
BoxCollider:
  m_ObjectHideFlags: 1
  m_PrefabParentObject: {fileID: 0}
  m_PrefabInternal: {fileID: 100100000}
  m_GameObject: {fileID: 100002}
  m_Material: {fileID: 0}
  m_IsTrigger: 1
  m_Enabled: 1
  serializedVersion: 2
  m_Size: {x: .100000001, y: 3.0999999, z: 10.7299995}
  m_Center: {x: 0, y: 0, z: 0}
--- !u!65 &6500004
BoxCollider:
  m_ObjectHideFlags: 1
  m_PrefabParentObject: {fileID: 0}
  m_PrefabInternal: {fileID: 100100000}
  m_GameObject: {fileID: 100004}
  m_Material: {fileID: 0}
  m_IsTrigger: 1
  m_Enabled: 1
  serializedVersion: 2
  m_Size: {x: 1.25, y: 3.56999993, z: 10.7299995}
  m_Center: {x: 0, y: 0, z: 0}
--- !u!65 &6500006
BoxCollider:
  m_ObjectHideFlags: 1
  m_PrefabParentObject: {fileID: 0}
  m_PrefabInternal: {fileID: 100100000}
  m_GameObject: {fileID: 100040}
  m_Material: {fileID: 0}
  m_IsTrigger: 1
  m_Enabled: 1
  serializedVersion: 2
  m_Size: {x: 2.05999994, y: 3.37526751, z: 11.3999996}
  m_Center: {x: .0900000036, y: 0, z: 0}
--- !u!65 &6500008
BoxCollider:
  m_ObjectHideFlags: 1
  m_PrefabParentObject: {fileID: 0}
  m_PrefabInternal: {fileID: 100100000}
  m_GameObject: {fileID: 100006}
  m_Material: {fileID: 0}
  m_IsTrigger: 1
  m_Enabled: 1
  serializedVersion: 2
  m_Size: {x: .180000007, y: 3.16000009, z: 10.7299995}
  m_Center: {x: 0, y: 0, z: 0}
--- !u!65 &6500010
BoxCollider:
  m_ObjectHideFlags: 1
  m_PrefabParentObject: {fileID: 0}
  m_PrefabInternal: {fileID: 100100000}
  m_GameObject: {fileID: 100008}
  m_Material: {fileID: 0}
  m_IsTrigger: 1
  m_Enabled: 1
  serializedVersion: 2
  m_Size: {x: .540000021, y: 3.0999999, z: 10.7299995}
  m_Center: {x: 0, y: 0, z: 0}
--- !u!65 &6500012
BoxCollider:
  m_ObjectHideFlags: 1
  m_PrefabParentObject: {fileID: 0}
  m_PrefabInternal: {fileID: 100100000}
  m_GameObject: {fileID: 100010}
  m_Material: {fileID: 0}
  m_IsTrigger: 1
  m_Enabled: 1
  serializedVersion: 2
  m_Size: {x: 1.25, y: 3.56999993, z: 10.7299995}
  m_Center: {x: 0, y: 0, z: 0}
--- !u!65 &6500014
BoxCollider:
  m_ObjectHideFlags: 1
  m_PrefabParentObject: {fileID: 0}
  m_PrefabInternal: {fileID: 100100000}
  m_GameObject: {fileID: 100042}
  m_Material: {fileID: 0}
  m_IsTrigger: 1
  m_Enabled: 1
  serializedVersion: 2
  m_Size: {x: 2.05999994, y: 3.37526751, z: 10.0299997}
  m_Center: {x: .0900000036, y: 0, z: -1.89999998}
--- !u!65 &6500016
BoxCollider:
  m_ObjectHideFlags: 1
  m_PrefabParentObject: {fileID: 0}
  m_PrefabInternal: {fileID: 100100000}
  m_GameObject: {fileID: 100012}
  m_Material: {fileID: 0}
  m_IsTrigger: 1
  m_Enabled: 1
  serializedVersion: 2
  m_Size: {x: .180000007, y: 2.66000009, z: 9.18000031}
  m_Center: {x: 0, y: 0, z: 0}
--- !u!65 &6500018
BoxCollider:
  m_ObjectHideFlags: 1
  m_PrefabParentObject: {fileID: 0}
  m_PrefabInternal: {fileID: 100100000}
  m_GameObject: {fileID: 100014}
  m_Material: {fileID: 0}
  m_IsTrigger: 1
  m_Enabled: 1
  serializedVersion: 2
  m_Size: {x: .180000007, y: 2.70000005, z: 9.18000031}
  m_Center: {x: 0, y: 0, z: 0}
--- !u!65 &6500020
BoxCollider:
  m_ObjectHideFlags: 1
  m_PrefabParentObject: {fileID: 0}
  m_PrefabInternal: {fileID: 100100000}
  m_GameObject: {fileID: 100016}
  m_Material: {fileID: 0}
  m_IsTrigger: 1
  m_Enabled: 1
  serializedVersion: 2
  m_Size: {x: 1.75, y: 2.97000003, z: 9.57999992}
  m_Center: {x: 0, y: 0, z: 0}
--- !u!65 &6500022
BoxCollider:
  m_ObjectHideFlags: 1
  m_PrefabParentObject: {fileID: 0}
  m_PrefabInternal: {fileID: 100100000}
  m_GameObject: {fileID: 100036}
  m_Material: {fileID: 0}
  m_IsTrigger: 1
  m_Enabled: 1
  serializedVersion: 2
  m_Size: {x: 2.29999995, y: 3.25772977, z: 9.43999958}
  m_Center: {x: 0, y: 0, z: 0}
--- !u!65 &6500024
BoxCollider:
  m_ObjectHideFlags: 1
  m_PrefabParentObject: {fileID: 0}
  m_PrefabInternal: {fileID: 100100000}
  m_GameObject: {fileID: 100018}
  m_Material: {fileID: 0}
  m_IsTrigger: 0
  m_Enabled: 1
  serializedVersion: 2
  m_Size: {x: .699999988, y: 96, z: 7.19999981}
  m_Center: {x: -2.44000006, y: 0, z: 0}
--- !u!65 &6500026
BoxCollider:
  m_ObjectHideFlags: 1
  m_PrefabParentObject: {fileID: 0}
  m_PrefabInternal: {fileID: 100100000}
  m_GameObject: {fileID: 100020}
  m_Material: {fileID: 0}
  m_IsTrigger: 0
  m_Enabled: 1
  serializedVersion: 2
  m_Size: {x: .699999988, y: 96, z: 7.11999989}
  m_Center: {x: -.409999996, y: 0, z: 0}
--- !u!65 &6500028
BoxCollider:
  m_ObjectHideFlags: 1
  m_PrefabParentObject: {fileID: 0}
  m_PrefabInternal: {fileID: 100100000}
  m_GameObject: {fileID: 100022}
  m_Material: {fileID: 0}
  m_IsTrigger: 0
  m_Enabled: 1
  serializedVersion: 2
  m_Size: {x: 24.0100002, y: 96, z: .0500000007}
  m_Center: {x: -2.1099999, y: 0, z: -.0599999987}
--- !u!65 &6500030
BoxCollider:
  m_ObjectHideFlags: 1
  m_PrefabParentObject: {fileID: 0}
  m_PrefabInternal: {fileID: 100100000}
  m_GameObject: {fileID: 100026}
  m_Material: {fileID: 0}
  m_IsTrigger: 1
  m_Enabled: 1
  serializedVersion: 2
  m_Size: {x: .180000007, y: 2.06999993, z: 1}
  m_Center: {x: 0, y: 0, z: 0}
--- !u!65 &6500032
BoxCollider:
  m_ObjectHideFlags: 1
  m_PrefabParentObject: {fileID: 0}
  m_PrefabInternal: {fileID: 100100000}
  m_GameObject: {fileID: 100030}
  m_Material: {fileID: 0}
  m_IsTrigger: 1
  m_Enabled: 1
  serializedVersion: 2
  m_Size: {x: .180000007, y: 2.06999993, z: 1}
  m_Center: {x: 0, y: 0, z: 0}
--- !u!65 &6500034
BoxCollider:
  m_ObjectHideFlags: 1
  m_PrefabParentObject: {fileID: 0}
  m_PrefabInternal: {fileID: 100100000}
  m_GameObject: {fileID: 100032}
  m_Material: {fileID: 0}
  m_IsTrigger: 1
  m_Enabled: 1
  serializedVersion: 2
  m_Size: {x: 2.02999997, y: 1.77999997, z: .349999994}
  m_Center: {x: 0, y: 0, z: 0}
--- !u!65 &6500036
BoxCollider:
  m_ObjectHideFlags: 1
  m_PrefabParentObject: {fileID: 0}
  m_PrefabInternal: {fileID: 100100000}
  m_GameObject: {fileID: 100034}
  m_Material: {fileID: 0}
  m_IsTrigger: 1
  m_Enabled: 1
  serializedVersion: 2
  m_Size: {x: 2.66000009, y: 1.63999999, z: .629999995}
  m_Center: {x: .0599999987, y: .25, z: 0}
--- !u!65 &6500038
BoxCollider:
  m_ObjectHideFlags: 1
  m_PrefabParentObject: {fileID: 0}
  m_PrefabInternal: {fileID: 100100000}
  m_GameObject: {fileID: 100046}
  m_Material: {fileID: 0}
  m_IsTrigger: 0
  m_Enabled: 1
  serializedVersion: 2
  m_Size: {x: 1, y: 1.49000001, z: 1}
  m_Center: {x: 0, y: 1.17999995, z: 0}
--- !u!65 &6500040
BoxCollider:
  m_ObjectHideFlags: 1
  m_PrefabParentObject: {fileID: 0}
  m_PrefabInternal: {fileID: 100100000}
  m_GameObject: {fileID: 100050}
  m_Material: {fileID: 0}
  m_IsTrigger: 1
  m_Enabled: 1
  serializedVersion: 2
  m_Size: {x: .649999976, y: 1.52999997, z: 1.10000002}
  m_Center: {x: 0, y: -.330000013, z: -1.37}
--- !u!95 &9500000
Animator:
  serializedVersion: 2
  m_ObjectHideFlags: 1
  m_PrefabParentObject: {fileID: 0}
  m_PrefabInternal: {fileID: 100100000}
  m_GameObject: {fileID: 100046}
  m_Enabled: 1
  m_Avatar: {fileID: 9000000, guid: 4770ab06fe0304dad863c06c9f90a0bd, type: 3}
  m_Controller: {fileID: 9100000, guid: 783117588c6b3432d974593de04ce5b1, type: 2}
  m_CullingMode: 1
  m_ApplyRootMotion: 1
  m_AnimatePhysics: 0
  m_HasTransformHierarchy: 1
--- !u!114 &11400000
MonoBehaviour:
  m_ObjectHideFlags: 1
  m_PrefabParentObject: {fileID: 0}
  m_PrefabInternal: {fileID: 100100000}
  m_GameObject: {fileID: 100000}
  m_Enabled: 1
  m_EditorHideFlags: 0
  m_Script: {fileID: 11500000, guid: 2b5015c2264e341fcb234beef55a2f59, type: 3}
  m_Name: 
  m_EditorClassIdentifier: 
--- !u!114 &11400002
MonoBehaviour:
  m_ObjectHideFlags: 1
  m_PrefabParentObject: {fileID: 0}
  m_PrefabInternal: {fileID: 100100000}
  m_GameObject: {fileID: 100002}
  m_Enabled: 1
  m_EditorHideFlags: 0
  m_Script: {fileID: 11500000, guid: 664d90c5039e7471a8c440845053107b, type: 3}
  m_Name: 
  m_EditorClassIdentifier: 
--- !u!114 &11400004
MonoBehaviour:
  m_ObjectHideFlags: 1
  m_PrefabParentObject: {fileID: 0}
  m_PrefabInternal: {fileID: 100100000}
  m_GameObject: {fileID: 100004}
  m_Enabled: 1
  m_EditorHideFlags: 0
  m_Script: {fileID: 11500000, guid: 1e1694ff7108a4f4c8f4eeb0d9f53327, type: 3}
  m_Name: 
  m_EditorClassIdentifier: 
--- !u!114 &11400006
MonoBehaviour:
  m_ObjectHideFlags: 1
  m_PrefabParentObject: {fileID: 0}
  m_PrefabInternal: {fileID: 100100000}
  m_GameObject: {fileID: 100040}
  m_Enabled: 1
  m_EditorHideFlags: 0
  m_Script: {fileID: 11500000, guid: a87b4c60a75d0b64ca489ca469e91941, type: 3}
  m_Name: 
  m_EditorClassIdentifier: 
  sections: 
  optimizeDeactivation: 0
  canSpawnInLeftSlot: 0
  canSpawnInCenterSlot: 0
  canSpawnInRightSlot: 0
  canSpawnInAir: 0
  isJump: 0
  canRunOnTop: 1
  isDestructible: 0
  destructionParticles: {fileID: 0}
  destructionAnimation: {fileID: 0}
  destructionAnimationName: Destruction
--- !u!114 &11400008
MonoBehaviour:
  m_ObjectHideFlags: 1
  m_PrefabParentObject: {fileID: 0}
  m_PrefabInternal: {fileID: 100100000}
  m_GameObject: {fileID: 100040}
  m_Enabled: 1
  m_EditorHideFlags: 0
  m_Script: {fileID: 11500000, guid: cff1c7cd5695956498fe126b6a3a40a4, type: 3}
  m_Name: 
  m_EditorClassIdentifier: 
  avoidObjectRuleMaps: []
  probabilityAdjustmentMaps: []
  avoidPlatforms: []
--- !u!114 &11400010
MonoBehaviour:
  m_ObjectHideFlags: 1
  m_PrefabParentObject: {fileID: 0}
  m_PrefabInternal: {fileID: 100100000}
  m_GameObject: {fileID: 100040}
  m_Enabled: 1
  m_EditorHideFlags: 0
  m_Script: {fileID: 11500000, guid: 1049419d8e4c2804288b95f897fd6039, type: 3}
  m_Name: 
  m_EditorClassIdentifier: 
  occurProbabilities:
    values: []
    loop: 0
    loopBackToValue: 0
  noOccurProbabilities:
    values: []
    loop: 0
    loopBackToValue: 0
--- !u!114 &11400012
MonoBehaviour:
  m_ObjectHideFlags: 1
  m_PrefabParentObject: {fileID: 0}
  m_PrefabInternal: {fileID: 100100000}
  m_GameObject: {fileID: 100006}
  m_Enabled: 1
  m_EditorHideFlags: 0
  m_Script: {fileID: 11500000, guid: 2b5015c2264e341fcb234beef55a2f59, type: 3}
  m_Name: 
  m_EditorClassIdentifier: 
--- !u!114 &11400014
MonoBehaviour:
  m_ObjectHideFlags: 1
  m_PrefabParentObject: {fileID: 0}
  m_PrefabInternal: {fileID: 100100000}
  m_GameObject: {fileID: 100008}
  m_Enabled: 1
  m_EditorHideFlags: 0
  m_Script: {fileID: 11500000, guid: 664d90c5039e7471a8c440845053107b, type: 3}
  m_Name: 
  m_EditorClassIdentifier: 
--- !u!114 &11400016
MonoBehaviour:
  m_ObjectHideFlags: 1
  m_PrefabParentObject: {fileID: 0}
  m_PrefabInternal: {fileID: 100100000}
  m_GameObject: {fileID: 100010}
  m_Enabled: 1
  m_EditorHideFlags: 0
  m_Script: {fileID: 11500000, guid: 1e1694ff7108a4f4c8f4eeb0d9f53327, type: 3}
  m_Name: 
  m_EditorClassIdentifier: 
--- !u!114 &11400018
MonoBehaviour:
  m_ObjectHideFlags: 1
  m_PrefabParentObject: {fileID: 0}
  m_PrefabInternal: {fileID: 100100000}
  m_GameObject: {fileID: 100042}
  m_Enabled: 1
  m_EditorHideFlags: 0
  m_Script: {fileID: 11500000, guid: a87b4c60a75d0b64ca489ca469e91941, type: 3}
  m_Name: 
  m_EditorClassIdentifier: 
  sections: 
  optimizeDeactivation: 0
  canSpawnInLeftSlot: 0
  canSpawnInCenterSlot: 0
  canSpawnInRightSlot: 0
  canSpawnInAir: 0
  isJump: 0
  canRunOnTop: 1
  isDestructible: 0
  destructionParticles: {fileID: 0}
  destructionAnimation: {fileID: 0}
  destructionAnimationName: Destruction
--- !u!114 &11400020
MonoBehaviour:
  m_ObjectHideFlags: 1
  m_PrefabParentObject: {fileID: 0}
  m_PrefabInternal: {fileID: 100100000}
  m_GameObject: {fileID: 100042}
  m_Enabled: 1
  m_EditorHideFlags: 0
  m_Script: {fileID: 11500000, guid: cff1c7cd5695956498fe126b6a3a40a4, type: 3}
  m_Name: 
  m_EditorClassIdentifier: 
  avoidObjectRuleMaps: []
  probabilityAdjustmentMaps: []
  avoidPlatforms: []
--- !u!114 &11400022
MonoBehaviour:
  m_ObjectHideFlags: 1
  m_PrefabParentObject: {fileID: 0}
  m_PrefabInternal: {fileID: 100100000}
  m_GameObject: {fileID: 100042}
  m_Enabled: 1
  m_EditorHideFlags: 0
  m_Script: {fileID: 11500000, guid: 1049419d8e4c2804288b95f897fd6039, type: 3}
  m_Name: 
  m_EditorClassIdentifier: 
  occurProbabilities:
    values: []
    loop: 0
    loopBackToValue: 0
  noOccurProbabilities:
    values: []
    loop: 0
    loopBackToValue: 0
--- !u!114 &11400024
MonoBehaviour:
  m_ObjectHideFlags: 1
  m_PrefabParentObject: {fileID: 0}
  m_PrefabInternal: {fileID: 100100000}
  m_GameObject: {fileID: 100012}
  m_Enabled: 1
  m_EditorHideFlags: 0
  m_Script: {fileID: 11500000, guid: 2b5015c2264e341fcb234beef55a2f59, type: 3}
  m_Name: 
  m_EditorClassIdentifier: 
--- !u!114 &11400026
MonoBehaviour:
  m_ObjectHideFlags: 1
  m_PrefabParentObject: {fileID: 0}
  m_PrefabInternal: {fileID: 100100000}
  m_GameObject: {fileID: 100014}
  m_Enabled: 1
  m_EditorHideFlags: 0
  m_Script: {fileID: 11500000, guid: 664d90c5039e7471a8c440845053107b, type: 3}
  m_Name: 
  m_EditorClassIdentifier: 
--- !u!114 &11400028
MonoBehaviour:
  m_ObjectHideFlags: 1
  m_PrefabParentObject: {fileID: 0}
  m_PrefabInternal: {fileID: 100100000}
  m_GameObject: {fileID: 100016}
  m_Enabled: 1
  m_EditorHideFlags: 0
  m_Script: {fileID: 11500000, guid: 1e1694ff7108a4f4c8f4eeb0d9f53327, type: 3}
  m_Name: 
  m_EditorClassIdentifier: 
--- !u!114 &11400030
MonoBehaviour:
  m_ObjectHideFlags: 1
  m_PrefabParentObject: {fileID: 0}
  m_PrefabInternal: {fileID: 100100000}
  m_GameObject: {fileID: 100036}
  m_Enabled: 1
  m_EditorHideFlags: 0
  m_Script: {fileID: 11500000, guid: a87b4c60a75d0b64ca489ca469e91941, type: 3}
  m_Name: 
  m_EditorClassIdentifier: 
  sections: 
  optimizeDeactivation: 0
  canSpawnInLeftSlot: 0
  canSpawnInCenterSlot: 0
  canSpawnInRightSlot: 0
  canSpawnInAir: 0
  isJump: 0
  canRunOnTop: 1
  isDestructible: 0
  destructionParticles: {fileID: 0}
  destructionAnimation: {fileID: 0}
  destructionAnimationName: Destruction
--- !u!114 &11400032
MonoBehaviour:
  m_ObjectHideFlags: 1
  m_PrefabParentObject: {fileID: 0}
  m_PrefabInternal: {fileID: 100100000}
  m_GameObject: {fileID: 100036}
  m_Enabled: 1
  m_EditorHideFlags: 0
  m_Script: {fileID: 11500000, guid: cff1c7cd5695956498fe126b6a3a40a4, type: 3}
  m_Name: 
  m_EditorClassIdentifier: 
  avoidObjectRuleMaps: []
  probabilityAdjustmentMaps: []
  avoidPlatforms: []
--- !u!114 &11400034
MonoBehaviour:
  m_ObjectHideFlags: 1
  m_PrefabParentObject: {fileID: 0}
  m_PrefabInternal: {fileID: 100100000}
  m_GameObject: {fileID: 100036}
  m_Enabled: 1
  m_EditorHideFlags: 0
  m_Script: {fileID: 11500000, guid: 1049419d8e4c2804288b95f897fd6039, type: 3}
  m_Name: 
  m_EditorClassIdentifier: 
  occurProbabilities:
    values: []
    loop: 0
    loopBackToValue: 0
  noOccurProbabilities:
    values: []
    loop: 0
    loopBackToValue: 0
--- !u!114 &11400036
MonoBehaviour:
  m_ObjectHideFlags: 1
  m_PrefabParentObject: {fileID: 0}
  m_PrefabInternal: {fileID: 100100000}
  m_GameObject: {fileID: 100026}
  m_Enabled: 1
  m_EditorHideFlags: 0
  m_Script: {fileID: 11500000, guid: 2b5015c2264e341fcb234beef55a2f59, type: 3}
  m_Name: 
  m_EditorClassIdentifier: 
--- !u!114 &11400038
MonoBehaviour:
  m_ObjectHideFlags: 1
  m_PrefabParentObject: {fileID: 0}
  m_PrefabInternal: {fileID: 100100000}
  m_GameObject: {fileID: 100030}
  m_Enabled: 1
  m_EditorHideFlags: 0
  m_Script: {fileID: 11500000, guid: 664d90c5039e7471a8c440845053107b, type: 3}
  m_Name: 
  m_EditorClassIdentifier: 
--- !u!114 &11400040
MonoBehaviour:
  m_ObjectHideFlags: 1
  m_PrefabParentObject: {fileID: 0}
  m_PrefabInternal: {fileID: 100100000}
  m_GameObject: {fileID: 100032}
  m_Enabled: 1
  m_EditorHideFlags: 0
  m_Script: {fileID: 11500000, guid: 1e1694ff7108a4f4c8f4eeb0d9f53327, type: 3}
  m_Name: 
  m_EditorClassIdentifier: 
--- !u!114 &11400042
MonoBehaviour:
  m_ObjectHideFlags: 1
  m_PrefabParentObject: {fileID: 0}
  m_PrefabInternal: {fileID: 100100000}
  m_GameObject: {fileID: 100034}
  m_Enabled: 1
  m_EditorHideFlags: 0
  m_Script: {fileID: 11500000, guid: a87b4c60a75d0b64ca489ca469e91941, type: 3}
  m_Name: 
  m_EditorClassIdentifier: 
  sections: 
  optimizeDeactivation: 0
  canSpawnInLeftSlot: 0
  canSpawnInCenterSlot: 0
  canSpawnInRightSlot: 0
  canSpawnInAir: 0
  isJump: 1
  canRunOnTop: 0
  isDestructible: 0
  destructionParticles: {fileID: 0}
  destructionAnimation: {fileID: 0}
  destructionAnimationName: Destruction
--- !u!114 &11400044
MonoBehaviour:
  m_ObjectHideFlags: 1
  m_PrefabParentObject: {fileID: 0}
  m_PrefabInternal: {fileID: 100100000}
  m_GameObject: {fileID: 100034}
  m_Enabled: 1
  m_EditorHideFlags: 0
  m_Script: {fileID: 11500000, guid: cff1c7cd5695956498fe126b6a3a40a4, type: 3}
  m_Name: 
  m_EditorClassIdentifier: 
  avoidObjectRuleMaps: []
  probabilityAdjustmentMaps: []
  avoidPlatforms: []
--- !u!114 &11400046
MonoBehaviour:
  m_ObjectHideFlags: 1
  m_PrefabParentObject: {fileID: 0}
  m_PrefabInternal: {fileID: 100100000}
  m_GameObject: {fileID: 100034}
  m_Enabled: 1
  m_EditorHideFlags: 0
  m_Script: {fileID: 11500000, guid: 1049419d8e4c2804288b95f897fd6039, type: 3}
  m_Name: 
  m_EditorClassIdentifier: 
  occurProbabilities:
    values: []
    loop: 0
    loopBackToValue: 0
  noOccurProbabilities:
    values: []
    loop: 0
    loopBackToValue: 0
--- !u!114 &11400048
MonoBehaviour:
  m_ObjectHideFlags: 1
  m_PrefabParentObject: {fileID: 0}
  m_PrefabInternal: {fileID: 100100000}
  m_GameObject: {fileID: 100044}
  m_Enabled: 1
  m_EditorHideFlags: 0
  m_Script: {fileID: 11500000, guid: cf9aebfdc1d07fd4498cd9fb490710ce, type: 3}
  m_Name: 
  m_EditorClassIdentifier: 
  sections: 05000000
  optimizeDeactivation: 0
  overrideSize: {x: 24, y: 0, z: 96}
  sectionTransition: 0
  centerOffset: {x: 0, y: 0, z: 0}
--- !u!114 &11400050
MonoBehaviour:
  m_ObjectHideFlags: 1
  m_PrefabParentObject: {fileID: 0}
  m_PrefabInternal: {fileID: 100100000}
  m_GameObject: {fileID: 100044}
  m_Enabled: 1
  m_EditorHideFlags: 0
  m_Script: {fileID: 11500000, guid: 1049419d8e4c2804288b95f897fd6039, type: 3}
  m_Name: 
  m_EditorClassIdentifier: 
  occurProbabilities:
    values:
    - startDistance: 0
      startValue: 1
      endDistance: 0
      endValue: 1
      useEndDistance: 0
    loop: 0
    loopBackToValue: 0
  noOccurProbabilities:
    values: []
    loop: 0
    loopBackToValue: 0
--- !u!114 &11400052
MonoBehaviour:
  m_ObjectHideFlags: 1
  m_PrefabParentObject: {fileID: 0}
  m_PrefabInternal: {fileID: 100100000}
  m_GameObject: {fileID: 100044}
  m_Enabled: 1
  m_EditorHideFlags: 0
  m_Script: {fileID: 11500000, guid: bcfb3108aff154148896ff5a5819a62a, type: 3}
  m_Name: 
  m_EditorClassIdentifier: 
  avoidObjectRuleMaps: []
  probabilityAdjustmentMaps: []
  linkedPlatforms:
  - platform: {fileID: 11400006, guid: 002909e27916f42b09785641b85be833, type: 2}
    canSpawn: 1
--- !u!114 &11400054
MonoBehaviour:
  m_ObjectHideFlags: 1
  m_PrefabParentObject: {fileID: 0}
  m_PrefabInternal: {fileID: 100100000}
  m_GameObject: {fileID: 100046}
  m_Enabled: 1
  m_EditorHideFlags: 0
  m_Script: {fileID: 11500000, guid: cff1c7cd5695956498fe126b6a3a40a4, type: 3}
  m_Name: 
  m_EditorClassIdentifier: 
  avoidObjectRuleMaps: []
  probabilityAdjustmentMaps: []
  avoidPlatforms: []
--- !u!114 &11400056
MonoBehaviour:
  m_ObjectHideFlags: 1
  m_PrefabParentObject: {fileID: 0}
  m_PrefabInternal: {fileID: 100100000}
  m_GameObject: {fileID: 100046}
  m_Enabled: 1
  m_EditorHideFlags: 0
  m_Script: {fileID: 11500000, guid: 1049419d8e4c2804288b95f897fd6039, type: 3}
  m_Name: 
  m_EditorClassIdentifier: 
  occurProbabilities:
    values: []
    loop: 0
    loopBackToValue: 0
  noOccurProbabilities:
    values: []
    loop: 0
    loopBackToValue: 0
--- !u!114 &11400058
MonoBehaviour:
  m_ObjectHideFlags: 1
  m_PrefabParentObject: {fileID: 0}
  m_PrefabInternal: {fileID: 100100000}
  m_GameObject: {fileID: 100046}
  m_Enabled: 1
  m_EditorHideFlags: 0
  m_Script: {fileID: 11500000, guid: a87b4c60a75d0b64ca489ca469e91941, type: 3}
  m_Name: 
  m_EditorClassIdentifier: 
  sections: 
  optimizeDeactivation: 0
  canSpawnInLeftSlot: 0
  canSpawnInCenterSlot: 0
  canSpawnInRightSlot: 0
  canSpawnInAir: 0
  isJump: 0
  canRunOnTop: 0
  isDestructible: 0
  destructionParticles: {fileID: 0}
  destructionAnimation: {fileID: 0}
  destructionAnimationName: Destruction
--- !u!114 &11400060
MonoBehaviour:
  m_ObjectHideFlags: 1
  m_PrefabParentObject: {fileID: 0}
  m_PrefabInternal: {fileID: 100100000}
  m_GameObject: {fileID: 100046}
  m_Enabled: 1
  m_EditorHideFlags: 0
  m_Script: {fileID: 11500000, guid: 4c33ed912b686459d98c21068c1a61c0, type: 3}
  m_Name: 
  m_EditorClassIdentifier: 
  friendRenderer: {fileID: 100048}
  backCollider: {fileID: 100050}
--- !u!114 &11400062
MonoBehaviour:
  m_ObjectHideFlags: 1
  m_PrefabParentObject: {fileID: 0}
  m_PrefabInternal: {fileID: 100100000}
  m_GameObject: {fileID: 100050}
  m_Enabled: 1
  m_EditorHideFlags: 0
  m_Script: {fileID: 11500000, guid: 1e1694ff7108a4f4c8f4eeb0d9f53327, type: 3}
  m_Name: 
  m_EditorClassIdentifier: 
--- !u!137 &13700000
SkinnedMeshRenderer:
  m_ObjectHideFlags: 1
  m_PrefabParentObject: {fileID: 0}
  m_PrefabInternal: {fileID: 100100000}
  m_GameObject: {fileID: 100048}
  m_Enabled: 1
  m_CastShadows: 1
  m_ReceiveShadows: 1
  m_LightmapIndex: 255
  m_LightmapTilingOffset: {x: 1, y: 1, z: 0, w: 0}
  m_Materials:
  - {fileID: 2100000, guid: e7519214b8df645faab0522109bd2030, type: 2}
  m_SubsetIndices: 
  m_StaticBatchRoot: {fileID: 0}
  m_UseLightProbes: 0
  m_LightProbeAnchor: {fileID: 0}
  m_ScaleInLightmap: 1
  m_SortingLayer: 0
  m_SortingOrder: 0
  m_SortingLayerID: 0
  serializedVersion: 2
  m_Quality: 0
  m_UpdateWhenOffscreen: 0
  m_Mesh: {fileID: 4300002, guid: fd694ee5a804449c2b8daa57da1faf03, type: 3}
  m_Bones:
  - {fileID: 400054}
  - {fileID: 400056}
  - {fileID: 400062}
  - {fileID: 400064}
  - {fileID: 400066}
  - {fileID: 400058}
  - {fileID: 400068}
  - {fileID: 400070}
  - {fileID: 400072}
  - {fileID: 400060}
  - {fileID: 400074}
  - {fileID: 400076}
  - {fileID: 400078}
  - {fileID: 400084}
  - {fileID: 400086}
  - {fileID: 400088}
  - {fileID: 400098}
  - {fileID: 400124}
  - {fileID: 400126}
  - {fileID: 400128}
  - {fileID: 400090}
  - {fileID: 400100}
  - {fileID: 400102}
  - {fileID: 400104}
  - {fileID: 400092}
  - {fileID: 400106}
  - {fileID: 400108}
  - {fileID: 400110}
  - {fileID: 400096}
  - {fileID: 400118}
  - {fileID: 400120}
  - {fileID: 400122}
  - {fileID: 400094}
  - {fileID: 400112}
  - {fileID: 400114}
  - {fileID: 400116}
  - {fileID: 400082}
  - {fileID: 400132}
  - {fileID: 400134}
  - {fileID: 400136}
  - {fileID: 400146}
  - {fileID: 400172}
  - {fileID: 400174}
  - {fileID: 400176}
  - {fileID: 400138}
  - {fileID: 400148}
  - {fileID: 400150}
  - {fileID: 400152}
  - {fileID: 400140}
  - {fileID: 400154}
  - {fileID: 400156}
  - {fileID: 400158}
  - {fileID: 400144}
  - {fileID: 400166}
  - {fileID: 400168}
  - {fileID: 400170}
  - {fileID: 400142}
  - {fileID: 400160}
  - {fileID: 400162}
  - {fileID: 400164}
  - {fileID: 400080}
  - {fileID: 400130}
  m_BlendShapeWeights: []
  m_RootBone: {fileID: 400054}
  m_AABB:
    m_Center: {x: .136757061, y: .22181955, z: -.0863445401}
    m_Extent: {x: .475616634, y: .675792933, z: 1.03622222}
  m_DirtyAABB: 0
--- !u!1001 &100100000
Prefab:
  m_ObjectHideFlags: 1
  serializedVersion: 2
  m_Modification:
    m_TransformParent: {fileID: 0}
    m_Modifications: []
    m_RemovedComponents: []
  m_ParentPrefab: {fileID: 0}
  m_RootGameObject: {fileID: 100044}
  m_IsPrefabParent: 1
  m_IsExploded: 1
