%YAML 1.1
%TAG !u! tag:unity3d.com,2011:
--- !u!1 &100000
GameObject:
  m_ObjectHideFlags: 0
  m_PrefabParentObject: {fileID: 0}
  m_PrefabInternal: {fileID: 100100000}
  serializedVersion: 4
  m_Component:
  - 4: {fileID: 400026}
  - 33: {fileID: 3300026}
  - 23: {fileID: 2300026}
  - 95: {fileID: 9500026}
  - 65: {fileID: 6500026}
  - 114: {fileID: 11400026}
  - 54: {fileID: 5400026}
  m_Layer: 0
  m_Name: coin2
  m_TagString: Untagged
  m_Icon: {fileID: 0}
  m_NavMeshLayer: 0
  m_StaticEditorFlags: 0
  m_IsActive: 1
--- !u!1 &100002
GameObject:
  m_ObjectHideFlags: 0
  m_PrefabParentObject: {fileID: 0}
  m_PrefabInternal: {fileID: 100100000}
  serializedVersion: 4
  m_Component:
  - 4: {fileID: 400020}
  - 33: {fileID: 3300020}
  - 23: {fileID: 2300020}
  - 95: {fileID: 9500020}
  - 65: {fileID: 6500020}
  - 114: {fileID: 11400020}
  - 54: {fileID: 5400020}
  m_Layer: 0
  m_Name: coin5
  m_TagString: Untagged
  m_Icon: {fileID: 0}
  m_NavMeshLayer: 0
  m_StaticEditorFlags: 0
  m_IsActive: 1
--- !u!1 &100004
GameObject:
  m_ObjectHideFlags: 0
  m_PrefabParentObject: {fileID: 0}
  m_PrefabInternal: {fileID: 100100000}
  serializedVersion: 4
  m_Component:
  - 4: {fileID: 400018}
  - 33: {fileID: 3300018}
  - 23: {fileID: 2300018}
  - 95: {fileID: 9500018}
  - 65: {fileID: 6500018}
  - 114: {fileID: 11400018}
  - 54: {fileID: 5400018}
  m_Layer: 0
  m_Name: coin6
  m_TagString: Untagged
  m_Icon: {fileID: 0}
  m_NavMeshLayer: 0
  m_StaticEditorFlags: 0
  m_IsActive: 1
--- !u!1 &100006
GameObject:
  m_ObjectHideFlags: 0
  m_PrefabParentObject: {fileID: 0}
  m_PrefabInternal: {fileID: 100100000}
  serializedVersion: 4
  m_Component:
  - 4: {fileID: 400028}
  - 33: {fileID: 3300028}
  - 23: {fileID: 2300028}
  - 95: {fileID: 9500028}
  - 65: {fileID: 6500028}
  - 114: {fileID: 11400028}
  - 54: {fileID: 5400028}
  m_Layer: 0
  m_Name: coin1
  m_TagString: Untagged
  m_Icon: {fileID: 0}
  m_NavMeshLayer: 0
  m_StaticEditorFlags: 0
  m_IsActive: 1
--- !u!1 &100008
GameObject:
  m_ObjectHideFlags: 0
  m_PrefabParentObject: {fileID: 0}
  m_PrefabInternal: {fileID: 100100000}
  serializedVersion: 4
  m_Component:
  - 4: {fileID: 400010}
  - 33: {fileID: 3300010}
  - 23: {fileID: 2300010}
  - 95: {fileID: 9500010}
  - 65: {fileID: 6500010}
  - 114: {fileID: 11400010}
  - 54: {fileID: 5400010}
  m_Layer: 0
  m_Name: coin10
  m_TagString: Untagged
  m_Icon: {fileID: 0}
  m_NavMeshLayer: 0
  m_StaticEditorFlags: 0
  m_IsActive: 1
--- !u!1 &100010
GameObject:
  m_ObjectHideFlags: 0
  m_PrefabParentObject: {fileID: 0}
  m_PrefabInternal: {fileID: 100100000}
  serializedVersion: 4
  m_Component:
  - 4: {fileID: 400024}
  - 33: {fileID: 3300024}
  - 23: {fileID: 2300024}
  - 95: {fileID: 9500024}
  - 65: {fileID: 6500024}
  - 114: {fileID: 11400024}
  - 54: {fileID: 5400024}
  m_Layer: 0
  m_Name: coin3
  m_TagString: Untagged
  m_Icon: {fileID: 0}
  m_NavMeshLayer: 0
  m_StaticEditorFlags: 0
  m_IsActive: 1
--- !u!1 &100012
GameObject:
  m_ObjectHideFlags: 0
  m_PrefabParentObject: {fileID: 0}
  m_PrefabInternal: {fileID: 100100000}
  serializedVersion: 4
  m_Component:
  - 4: {fileID: 400014}
  - 33: {fileID: 3300014}
  - 23: {fileID: 2300014}
  - 95: {fileID: 9500014}
  - 65: {fileID: 6500014}
  - 114: {fileID: 11400014}
  - 54: {fileID: 5400014}
  m_Layer: 0
  m_Name: coin8
  m_TagString: Untagged
  m_Icon: {fileID: 0}
  m_NavMeshLayer: 0
  m_StaticEditorFlags: 0
  m_IsActive: 1
--- !u!1 &100014
GameObject:
  m_ObjectHideFlags: 0
  m_PrefabParentObject: {fileID: 0}
  m_PrefabInternal: {fileID: 100100000}
  serializedVersion: 4
  m_Component:
  - 4: {fileID: 400022}
  - 33: {fileID: 3300022}
  - 23: {fileID: 2300022}
  - 95: {fileID: 9500022}
  - 65: {fileID: 6500022}
  - 114: {fileID: 11400022}
  - 54: {fileID: 5400022}
  m_Layer: 0
  m_Name: coin4
  m_TagString: Untagged
  m_Icon: {fileID: 0}
  m_NavMeshLayer: 0
  m_StaticEditorFlags: 0
  m_IsActive: 1
--- !u!1 &100016
GameObject:
  m_ObjectHideFlags: 0
  m_PrefabParentObject: {fileID: 0}
  m_PrefabInternal: {fileID: 100100000}
  serializedVersion: 4
  m_Component:
  - 4: {fileID: 400012}
  - 33: {fileID: 3300012}
  - 23: {fileID: 2300012}
  - 95: {fileID: 9500012}
  - 65: {fileID: 6500012}
  - 114: {fileID: 11400012}
  - 54: {fileID: 5400012}
  m_Layer: 0
  m_Name: coin9
  m_TagString: Untagged
  m_Icon: {fileID: 0}
  m_NavMeshLayer: 0
  m_StaticEditorFlags: 0
  m_IsActive: 1
--- !u!1 &100018
GameObject:
  m_ObjectHideFlags: 0
  m_PrefabParentObject: {fileID: 0}
  m_PrefabInternal: {fileID: 100100000}
  serializedVersion: 4
  m_Component:
  - 4: {fileID: 400016}
  - 33: {fileID: 3300016}
  - 23: {fileID: 2300016}
  - 95: {fileID: 9500016}
  - 65: {fileID: 6500016}
  - 114: {fileID: 11400016}
  - 54: {fileID: 5400016}
  m_Layer: 0
  m_Name: coin7
  m_TagString: Untagged
  m_Icon: {fileID: 0}
  m_NavMeshLayer: 0
  m_StaticEditorFlags: 0
  m_IsActive: 1
--- !u!1 &100020
GameObject:
  m_ObjectHideFlags: 0
  m_PrefabParentObject: {fileID: 0}
  m_PrefabInternal: {fileID: 100100000}
  serializedVersion: 4
  m_Component:
  - 4: {fileID: 400008}
  - 33: {fileID: 3300008}
  - 23: {fileID: 2300008}
  - 95: {fileID: 9500008}
  - 65: {fileID: 6500008}
  - 114: {fileID: 11400008}
  - 54: {fileID: 5400008}
  m_Layer: 0
  m_Name: coin11
  m_TagString: Untagged
  m_Icon: {fileID: 0}
  m_NavMeshLayer: 0
  m_StaticEditorFlags: 0
  m_IsActive: 1
--- !u!1 &100022
GameObject:
  m_ObjectHideFlags: 0
  m_PrefabParentObject: {fileID: 0}
  m_PrefabInternal: {fileID: 100100000}
  serializedVersion: 4
  m_Component:
  - 4: {fileID: 400006}
  - 33: {fileID: 3300006}
  - 23: {fileID: 2300006}
  - 95: {fileID: 9500006}
  - 65: {fileID: 6500006}
  - 114: {fileID: 11400006}
  - 54: {fileID: 5400006}
  m_Layer: 0
  m_Name: coin12
  m_TagString: Untagged
  m_Icon: {fileID: 0}
  m_NavMeshLayer: 0
  m_StaticEditorFlags: 0
  m_IsActive: 1
--- !u!1 &100024
GameObject:
  m_ObjectHideFlags: 0
  m_PrefabParentObject: {fileID: 0}
  m_PrefabInternal: {fileID: 100100000}
  serializedVersion: 4
  m_Component:
  - 4: {fileID: 400004}
  - 33: {fileID: 3300004}
  - 23: {fileID: 2300004}
  - 95: {fileID: 9500004}
  - 65: {fileID: 6500004}
  - 114: {fileID: 11400004}
  - 54: {fileID: 5400004}
  m_Layer: 0
  m_Name: coin15
  m_TagString: Untagged
  m_Icon: {fileID: 0}
  m_NavMeshLayer: 0
  m_StaticEditorFlags: 0
  m_IsActive: 1
--- !u!1 &100026
GameObject:
  m_ObjectHideFlags: 0
  m_PrefabParentObject: {fileID: 0}
  m_PrefabInternal: {fileID: 100100000}
  serializedVersion: 4
  m_Component:
  - 4: {fileID: 400002}
  - 33: {fileID: 3300002}
  - 23: {fileID: 2300002}
  - 95: {fileID: 9500002}
  - 65: {fileID: 6500002}
  - 114: {fileID: 11400002}
  - 54: {fileID: 5400002}
  m_Layer: 0
  m_Name: coin14
  m_TagString: Untagged
  m_Icon: {fileID: 0}
  m_NavMeshLayer: 0
  m_StaticEditorFlags: 0
  m_IsActive: 1
--- !u!1 &100028
GameObject:
  m_ObjectHideFlags: 0
  m_PrefabParentObject: {fileID: 0}
  m_PrefabInternal: {fileID: 100100000}
  serializedVersion: 4
  m_Component:
  - 4: {fileID: 400000}
  - 33: {fileID: 3300000}
  - 23: {fileID: 2300000}
  - 95: {fileID: 9500000}
  - 65: {fileID: 6500000}
  - 114: {fileID: 11400000}
  - 54: {fileID: 5400000}
  m_Layer: 0
  m_Name: coin13
  m_TagString: Untagged
  m_Icon: {fileID: 0}
  m_NavMeshLayer: 0
  m_StaticEditorFlags: 0
  m_IsActive: 1
--- !u!1 &100030
GameObject:
  m_ObjectHideFlags: 0
  m_PrefabParentObject: {fileID: 0}
  m_PrefabInternal: {fileID: 100100000}
  serializedVersion: 4
  m_Component:
  - 4: {fileID: 400030}
  - 114: {fileID: 11400032}
  - 114: {fileID: 11400034}
  - 114: {fileID: 11400030}
  m_Layer: 0
  m_Name: CoinGroup_Scene14
  m_TagString: Untagged
  m_Icon: {fileID: 0}
  m_NavMeshLayer: 0
  m_StaticEditorFlags: 0
  m_IsActive: 1
--- !u!4 &400000
Transform:
  m_ObjectHideFlags: 1
  m_PrefabParentObject: {fileID: 0}
  m_PrefabInternal: {fileID: 100100000}
  m_GameObject: {fileID: 100028}
  m_LocalRotation: {x: 0, y: 0, z: 0, w: 1}
  m_LocalPosition: {x: -1.43477631, y: 4.56717348, z: -37.4771194}
  m_LocalScale: {x: 1, y: 1, z: 1}
  m_Children: []
  m_Father: {fileID: 400030}
--- !u!4 &400002
Transform:
  m_ObjectHideFlags: 1
  m_PrefabParentObject: {fileID: 0}
  m_PrefabInternal: {fileID: 100100000}
  m_GameObject: {fileID: 100026}
  m_LocalRotation: {x: 0, y: 0, z: 0, w: 1}
  m_LocalPosition: {x: -1.43477631, y: 4.56717348, z: -33.3271103}
  m_LocalScale: {x: 1, y: 1, z: 1}
  m_Children: []
  m_Father: {fileID: 400030}
--- !u!4 &400004
Transform:
  m_ObjectHideFlags: 1
  m_PrefabParentObject: {fileID: 0}
  m_PrefabInternal: {fileID: 100100000}
  m_GameObject: {fileID: 100024}
  m_LocalRotation: {x: 0, y: 0, z: 0, w: 1}
  m_LocalPosition: {x: -1.43477631, y: 4.56717348, z: -41.6271667}
  m_LocalScale: {x: 1, y: 1, z: 1}
  m_Children: []
  m_Father: {fileID: 400030}
--- !u!4 &400006
Transform:
  m_ObjectHideFlags: 1
  m_PrefabParentObject: {fileID: 0}
  m_PrefabInternal: {fileID: 100100000}
  m_GameObject: {fileID: 100022}
  m_LocalRotation: {x: 0, y: 0, z: 0, w: 1}
  m_LocalPosition: {x: -1.43477631, y: 4.56717348, z: -29.177103}
  m_LocalScale: {x: 1, y: 1, z: 1}
  m_Children: []
  m_Father: {fileID: 400030}
--- !u!4 &400008
Transform:
  m_ObjectHideFlags: 1
  m_PrefabParentObject: {fileID: 0}
  m_PrefabInternal: {fileID: 100100000}
  m_GameObject: {fileID: 100020}
  m_LocalRotation: {x: 0, y: 0, z: 0, w: 1}
  m_LocalPosition: {x: -1.43477631, y: 4.56717348, z: -45.7771454}
  m_LocalScale: {x: 1, y: 1, z: 1}
  m_Children: []
  m_Father: {fileID: 400030}
--- !u!4 &400010
Transform:
  m_ObjectHideFlags: 1
  m_PrefabParentObject: {fileID: 0}
  m_PrefabInternal: {fileID: 100100000}
  m_GameObject: {fileID: 100008}
  m_LocalRotation: {x: 0, y: 0, z: 0, w: 1}
  m_LocalPosition: {x: 5.2201519, y: 4.56717348, z: 2.0708046}
  m_LocalScale: {x: 1, y: 1, z: 1}
  m_Children: []
  m_Father: {fileID: 400030}
--- !u!4 &400012
Transform:
  m_ObjectHideFlags: 1
  m_PrefabParentObject: {fileID: 0}
  m_PrefabInternal: {fileID: 100100000}
  m_GameObject: {fileID: 100016}
  m_LocalRotation: {x: 0, y: 0, z: 0, w: 1}
  m_LocalPosition: {x: 5.2201519, y: 4.56717348, z: 6.22081375}
  m_LocalScale: {x: 1, y: 1, z: 1}
  m_Children: []
  m_Father: {fileID: 400030}
--- !u!4 &400014
Transform:
  m_ObjectHideFlags: 1
  m_PrefabParentObject: {fileID: 0}
  m_PrefabInternal: {fileID: 100100000}
  m_GameObject: {fileID: 100012}
  m_LocalRotation: {x: 0, y: 0, z: 0, w: 1}
  m_LocalPosition: {x: 5.2201519, y: 4.56717348, z: -6.22924232}
  m_LocalScale: {x: 1, y: 1, z: 1}
  m_Children: []
  m_Father: {fileID: 400030}
--- !u!4 &400016
Transform:
  m_ObjectHideFlags: 1
  m_PrefabParentObject: {fileID: 0}
  m_PrefabInternal: {fileID: 100100000}
  m_GameObject: {fileID: 100018}
  m_LocalRotation: {x: 0, y: 0, z: 0, w: 1}
  m_LocalPosition: {x: 5.2201519, y: 4.56717348, z: -10.379221}
  m_LocalScale: {x: 1, y: 1, z: 1}
  m_Children: []
  m_Father: {fileID: 400030}
--- !u!4 &400018
Transform:
  m_ObjectHideFlags: 1
  m_PrefabParentObject: {fileID: 0}
  m_PrefabInternal: {fileID: 100100000}
  m_GameObject: {fileID: 100004}
  m_LocalRotation: {x: 0, y: 0, z: 0, w: 1}
  m_LocalPosition: {x: 5.2201519, y: 4.56717348, z: -2.07920456}
  m_LocalScale: {x: 1, y: 1, z: 1}
  m_Children: []
  m_Father: {fileID: 400030}
--- !u!4 &400020
Transform:
  m_ObjectHideFlags: 1
  m_PrefabParentObject: {fileID: 0}
  m_PrefabInternal: {fileID: 100100000}
  m_GameObject: {fileID: 100002}
  m_LocalRotation: {x: 0, y: 0, z: 0, w: 1}
  m_LocalPosition: {x: 2.06256676, y: 4.56717348, z: -72.3781433}
  m_LocalScale: {x: 1, y: 1, z: 1}
  m_Children: []
  m_Father: {fileID: 400030}
--- !u!4 &400022
Transform:
  m_ObjectHideFlags: 1
  m_PrefabParentObject: {fileID: 0}
  m_PrefabInternal: {fileID: 100100000}
  m_GameObject: {fileID: 100014}
  m_LocalRotation: {x: 0, y: 0, z: 0, w: 1}
  m_LocalPosition: {x: 2.06256676, y: 4.56717348, z: -68.2281342}
  m_LocalScale: {x: 1, y: 1, z: 1}
  m_Children: []
  m_Father: {fileID: 400030}
--- !u!4 &400024
Transform:
  m_ObjectHideFlags: 1
  m_PrefabParentObject: {fileID: 0}
  m_PrefabInternal: {fileID: 100100000}
  m_GameObject: {fileID: 100010}
  m_LocalRotation: {x: 0, y: 0, z: 0, w: 1}
  m_LocalPosition: {x: 2.06256676, y: 4.56717348, z: -59.928112}
  m_LocalScale: {x: 1, y: 1, z: 1}
  m_Children: []
  m_Father: {fileID: 400030}
--- !u!4 &400026
Transform:
  m_ObjectHideFlags: 1
  m_PrefabParentObject: {fileID: 0}
  m_PrefabInternal: {fileID: 100100000}
  m_GameObject: {fileID: 100000}
  m_LocalRotation: {x: 0, y: 0, z: 0, w: 1}
  m_LocalPosition: {x: 2.06256676, y: 4.56717348, z: -76.5281372}
  m_LocalScale: {x: 1, y: 1, z: 1}
  m_Children: []
  m_Father: {fileID: 400030}
--- !u!4 &400028
Transform:
  m_ObjectHideFlags: 1
  m_PrefabParentObject: {fileID: 0}
  m_PrefabInternal: {fileID: 100100000}
  m_GameObject: {fileID: 100006}
  m_LocalRotation: {x: 0, y: 0, z: 0, w: 1}
  m_LocalPosition: {x: 2.06256676, y: 4.56717348, z: -64.078125}
  m_LocalScale: {x: 1, y: 1, z: 1}
  m_Children: []
  m_Father: {fileID: 400030}
--- !u!4 &400030
Transform:
  m_ObjectHideFlags: 1
  m_PrefabParentObject: {fileID: 0}
  m_PrefabInternal: {fileID: 100100000}
  m_GameObject: {fileID: 100030}
  m_LocalRotation: {x: 0, y: 0, z: 0, w: 1}
  m_LocalPosition: {x: -1.85055113, y: -5.16348267, z: 34.5962029}
  m_LocalScale: {x: 1, y: 1, z: 1}
  m_Children:
  - {fileID: 400028}
  - {fileID: 400026}
  - {fileID: 400024}
  - {fileID: 400022}
  - {fileID: 400020}
  - {fileID: 400018}
  - {fileID: 400016}
  - {fileID: 400014}
  - {fileID: 400012}
  - {fileID: 400010}
  - {fileID: 400008}
  - {fileID: 400006}
  - {fileID: 400004}
  - {fileID: 400002}
  - {fileID: 400000}
  m_Father: {fileID: 0}
--- !u!23 &2300000
Renderer:
  m_ObjectHideFlags: 1
  m_PrefabParentObject: {fileID: 0}
  m_PrefabInternal: {fileID: 100100000}
  m_GameObject: {fileID: 100028}
  m_Enabled: 1
  m_CastShadows: 0
  m_ReceiveShadows: 0
  m_LightmapIndex: 255
  m_LightmapTilingOffset: {x: 1, y: 1, z: 0, w: 0}
  m_Materials:
  - {fileID: 2100000, guid: 8e044a3cb42174a2fbb84bb4e7d257b7, type: 2}
  - {fileID: 2100000, guid: f67cfce15fd3a491fa39f59233f8b99e, type: 2}
  m_SubsetIndices: 
  m_StaticBatchRoot: {fileID: 0}
  m_UseLightProbes: 0
  m_LightProbeAnchor: {fileID: 0}
  m_ScaleInLightmap: 1
  m_SortingLayer: 0
  m_SortingOrder: 0
  m_SortingLayerID: 0
--- !u!23 &2300002
Renderer:
  m_ObjectHideFlags: 1
  m_PrefabParentObject: {fileID: 0}
  m_PrefabInternal: {fileID: 100100000}
  m_GameObject: {fileID: 100026}
  m_Enabled: 1
  m_CastShadows: 0
  m_ReceiveShadows: 0
  m_LightmapIndex: 255
  m_LightmapTilingOffset: {x: 1, y: 1, z: 0, w: 0}
  m_Materials:
  - {fileID: 2100000, guid: 8e044a3cb42174a2fbb84bb4e7d257b7, type: 2}
  - {fileID: 2100000, guid: f67cfce15fd3a491fa39f59233f8b99e, type: 2}
  m_SubsetIndices: 
  m_StaticBatchRoot: {fileID: 0}
  m_UseLightProbes: 0
  m_LightProbeAnchor: {fileID: 0}
  m_ScaleInLightmap: 1
  m_SortingLayer: 0
  m_SortingOrder: 0
  m_SortingLayerID: 0
--- !u!23 &2300004
Renderer:
  m_ObjectHideFlags: 1
  m_PrefabParentObject: {fileID: 0}
  m_PrefabInternal: {fileID: 100100000}
  m_GameObject: {fileID: 100024}
  m_Enabled: 1
  m_CastShadows: 0
  m_ReceiveShadows: 0
  m_LightmapIndex: 255
  m_LightmapTilingOffset: {x: 1, y: 1, z: 0, w: 0}
  m_Materials:
  - {fileID: 2100000, guid: 8e044a3cb42174a2fbb84bb4e7d257b7, type: 2}
  - {fileID: 2100000, guid: f67cfce15fd3a491fa39f59233f8b99e, type: 2}
  m_SubsetIndices: 
  m_StaticBatchRoot: {fileID: 0}
  m_UseLightProbes: 0
  m_LightProbeAnchor: {fileID: 0}
  m_ScaleInLightmap: 1
  m_SortingLayer: 0
  m_SortingOrder: 0
  m_SortingLayerID: 0
--- !u!23 &2300006
Renderer:
  m_ObjectHideFlags: 1
  m_PrefabParentObject: {fileID: 0}
  m_PrefabInternal: {fileID: 100100000}
  m_GameObject: {fileID: 100022}
  m_Enabled: 1
  m_CastShadows: 0
  m_ReceiveShadows: 0
  m_LightmapIndex: 255
  m_LightmapTilingOffset: {x: 1, y: 1, z: 0, w: 0}
  m_Materials:
  - {fileID: 2100000, guid: 8e044a3cb42174a2fbb84bb4e7d257b7, type: 2}
  - {fileID: 2100000, guid: f67cfce15fd3a491fa39f59233f8b99e, type: 2}
  m_SubsetIndices: 
  m_StaticBatchRoot: {fileID: 0}
  m_UseLightProbes: 0
  m_LightProbeAnchor: {fileID: 0}
  m_ScaleInLightmap: 1
  m_SortingLayer: 0
  m_SortingOrder: 0
  m_SortingLayerID: 0
--- !u!23 &2300008
Renderer:
  m_ObjectHideFlags: 1
  m_PrefabParentObject: {fileID: 0}
  m_PrefabInternal: {fileID: 100100000}
  m_GameObject: {fileID: 100020}
  m_Enabled: 1
  m_CastShadows: 0
  m_ReceiveShadows: 0
  m_LightmapIndex: 255
  m_LightmapTilingOffset: {x: 1, y: 1, z: 0, w: 0}
  m_Materials:
  - {fileID: 2100000, guid: 8e044a3cb42174a2fbb84bb4e7d257b7, type: 2}
  - {fileID: 2100000, guid: f67cfce15fd3a491fa39f59233f8b99e, type: 2}
  m_SubsetIndices: 
  m_StaticBatchRoot: {fileID: 0}
  m_UseLightProbes: 0
  m_LightProbeAnchor: {fileID: 0}
  m_ScaleInLightmap: 1
  m_SortingLayer: 0
  m_SortingOrder: 0
  m_SortingLayerID: 0
--- !u!23 &2300010
Renderer:
  m_ObjectHideFlags: 1
  m_PrefabParentObject: {fileID: 0}
  m_PrefabInternal: {fileID: 100100000}
  m_GameObject: {fileID: 100008}
  m_Enabled: 1
  m_CastShadows: 0
  m_ReceiveShadows: 0
  m_LightmapIndex: 255
  m_LightmapTilingOffset: {x: 1, y: 1, z: 0, w: 0}
  m_Materials:
  - {fileID: 2100000, guid: 8e044a3cb42174a2fbb84bb4e7d257b7, type: 2}
  - {fileID: 2100000, guid: f67cfce15fd3a491fa39f59233f8b99e, type: 2}
  m_SubsetIndices: 
  m_StaticBatchRoot: {fileID: 0}
  m_UseLightProbes: 0
  m_LightProbeAnchor: {fileID: 0}
  m_ScaleInLightmap: 1
  m_SortingLayer: 0
  m_SortingOrder: 0
  m_SortingLayerID: 0
--- !u!23 &2300012
Renderer:
  m_ObjectHideFlags: 1
  m_PrefabParentObject: {fileID: 0}
  m_PrefabInternal: {fileID: 100100000}
  m_GameObject: {fileID: 100016}
  m_Enabled: 1
  m_CastShadows: 0
  m_ReceiveShadows: 0
  m_LightmapIndex: 255
  m_LightmapTilingOffset: {x: 1, y: 1, z: 0, w: 0}
  m_Materials:
  - {fileID: 2100000, guid: 8e044a3cb42174a2fbb84bb4e7d257b7, type: 2}
  - {fileID: 2100000, guid: f67cfce15fd3a491fa39f59233f8b99e, type: 2}
  m_SubsetIndices: 
  m_StaticBatchRoot: {fileID: 0}
  m_UseLightProbes: 0
  m_LightProbeAnchor: {fileID: 0}
  m_ScaleInLightmap: 1
  m_SortingLayer: 0
  m_SortingOrder: 0
  m_SortingLayerID: 0
--- !u!23 &2300014
Renderer:
  m_ObjectHideFlags: 1
  m_PrefabParentObject: {fileID: 0}
  m_PrefabInternal: {fileID: 100100000}
  m_GameObject: {fileID: 100012}
  m_Enabled: 1
  m_CastShadows: 0
  m_ReceiveShadows: 0
  m_LightmapIndex: 255
  m_LightmapTilingOffset: {x: 1, y: 1, z: 0, w: 0}
  m_Materials:
  - {fileID: 2100000, guid: 8e044a3cb42174a2fbb84bb4e7d257b7, type: 2}
  - {fileID: 2100000, guid: f67cfce15fd3a491fa39f59233f8b99e, type: 2}
  m_SubsetIndices: 
  m_StaticBatchRoot: {fileID: 0}
  m_UseLightProbes: 0
  m_LightProbeAnchor: {fileID: 0}
  m_ScaleInLightmap: 1
  m_SortingLayer: 0
  m_SortingOrder: 0
  m_SortingLayerID: 0
--- !u!23 &2300016
Renderer:
  m_ObjectHideFlags: 1
  m_PrefabParentObject: {fileID: 0}
  m_PrefabInternal: {fileID: 100100000}
  m_GameObject: {fileID: 100018}
  m_Enabled: 1
  m_CastShadows: 0
  m_ReceiveShadows: 0
  m_LightmapIndex: 255
  m_LightmapTilingOffset: {x: 1, y: 1, z: 0, w: 0}
  m_Materials:
  - {fileID: 2100000, guid: 8e044a3cb42174a2fbb84bb4e7d257b7, type: 2}
  - {fileID: 2100000, guid: f67cfce15fd3a491fa39f59233f8b99e, type: 2}
  m_SubsetIndices: 
  m_StaticBatchRoot: {fileID: 0}
  m_UseLightProbes: 0
  m_LightProbeAnchor: {fileID: 0}
  m_ScaleInLightmap: 1
  m_SortingLayer: 0
  m_SortingOrder: 0
  m_SortingLayerID: 0
--- !u!23 &2300018
Renderer:
  m_ObjectHideFlags: 1
  m_PrefabParentObject: {fileID: 0}
  m_PrefabInternal: {fileID: 100100000}
  m_GameObject: {fileID: 100004}
  m_Enabled: 1
  m_CastShadows: 0
  m_ReceiveShadows: 0
  m_LightmapIndex: 255
  m_LightmapTilingOffset: {x: 1, y: 1, z: 0, w: 0}
  m_Materials:
  - {fileID: 2100000, guid: 8e044a3cb42174a2fbb84bb4e7d257b7, type: 2}
  - {fileID: 2100000, guid: f67cfce15fd3a491fa39f59233f8b99e, type: 2}
  m_SubsetIndices: 
  m_StaticBatchRoot: {fileID: 0}
  m_UseLightProbes: 0
  m_LightProbeAnchor: {fileID: 0}
  m_ScaleInLightmap: 1
  m_SortingLayer: 0
  m_SortingOrder: 0
  m_SortingLayerID: 0
--- !u!23 &2300020
Renderer:
  m_ObjectHideFlags: 1
  m_PrefabParentObject: {fileID: 0}
  m_PrefabInternal: {fileID: 100100000}
  m_GameObject: {fileID: 100002}
  m_Enabled: 1
  m_CastShadows: 0
  m_ReceiveShadows: 0
  m_LightmapIndex: 255
  m_LightmapTilingOffset: {x: 1, y: 1, z: 0, w: 0}
  m_Materials:
  - {fileID: 2100000, guid: 8e044a3cb42174a2fbb84bb4e7d257b7, type: 2}
  - {fileID: 2100000, guid: f67cfce15fd3a491fa39f59233f8b99e, type: 2}
  m_SubsetIndices: 
  m_StaticBatchRoot: {fileID: 0}
  m_UseLightProbes: 0
  m_LightProbeAnchor: {fileID: 0}
  m_ScaleInLightmap: 1
  m_SortingLayer: 0
  m_SortingOrder: 0
  m_SortingLayerID: 0
--- !u!23 &2300022
Renderer:
  m_ObjectHideFlags: 1
  m_PrefabParentObject: {fileID: 0}
  m_PrefabInternal: {fileID: 100100000}
  m_GameObject: {fileID: 100014}
  m_Enabled: 1
  m_CastShadows: 0
  m_ReceiveShadows: 0
  m_LightmapIndex: 255
  m_LightmapTilingOffset: {x: 1, y: 1, z: 0, w: 0}
  m_Materials:
  - {fileID: 2100000, guid: 8e044a3cb42174a2fbb84bb4e7d257b7, type: 2}
  - {fileID: 2100000, guid: f67cfce15fd3a491fa39f59233f8b99e, type: 2}
  m_SubsetIndices: 
  m_StaticBatchRoot: {fileID: 0}
  m_UseLightProbes: 0
  m_LightProbeAnchor: {fileID: 0}
  m_ScaleInLightmap: 1
  m_SortingLayer: 0
  m_SortingOrder: 0
  m_SortingLayerID: 0
--- !u!23 &2300024
Renderer:
  m_ObjectHideFlags: 1
  m_PrefabParentObject: {fileID: 0}
  m_PrefabInternal: {fileID: 100100000}
  m_GameObject: {fileID: 100010}
  m_Enabled: 1
  m_CastShadows: 0
  m_ReceiveShadows: 0
  m_LightmapIndex: 255
  m_LightmapTilingOffset: {x: 1, y: 1, z: 0, w: 0}
  m_Materials:
  - {fileID: 2100000, guid: 8e044a3cb42174a2fbb84bb4e7d257b7, type: 2}
  - {fileID: 2100000, guid: f67cfce15fd3a491fa39f59233f8b99e, type: 2}
  m_SubsetIndices: 
  m_StaticBatchRoot: {fileID: 0}
  m_UseLightProbes: 0
  m_LightProbeAnchor: {fileID: 0}
  m_ScaleInLightmap: 1
  m_SortingLayer: 0
  m_SortingOrder: 0
  m_SortingLayerID: 0
--- !u!23 &2300026
Renderer:
  m_ObjectHideFlags: 1
  m_PrefabParentObject: {fileID: 0}
  m_PrefabInternal: {fileID: 100100000}
  m_GameObject: {fileID: 100000}
  m_Enabled: 1
  m_CastShadows: 0
  m_ReceiveShadows: 0
  m_LightmapIndex: 255
  m_LightmapTilingOffset: {x: 1, y: 1, z: 0, w: 0}
  m_Materials:
  - {fileID: 2100000, guid: 8e044a3cb42174a2fbb84bb4e7d257b7, type: 2}
  - {fileID: 2100000, guid: f67cfce15fd3a491fa39f59233f8b99e, type: 2}
  m_SubsetIndices: 
  m_StaticBatchRoot: {fileID: 0}
  m_UseLightProbes: 0
  m_LightProbeAnchor: {fileID: 0}
  m_ScaleInLightmap: 1
  m_SortingLayer: 0
  m_SortingOrder: 0
  m_SortingLayerID: 0
--- !u!23 &2300028
Renderer:
  m_ObjectHideFlags: 1
  m_PrefabParentObject: {fileID: 0}
  m_PrefabInternal: {fileID: 100100000}
  m_GameObject: {fileID: 100006}
  m_Enabled: 1
  m_CastShadows: 0
  m_ReceiveShadows: 0
  m_LightmapIndex: 255
  m_LightmapTilingOffset: {x: 1, y: 1, z: 0, w: 0}
  m_Materials:
  - {fileID: 2100000, guid: 8e044a3cb42174a2fbb84bb4e7d257b7, type: 2}
  - {fileID: 2100000, guid: f67cfce15fd3a491fa39f59233f8b99e, type: 2}
  m_SubsetIndices: 
  m_StaticBatchRoot: {fileID: 0}
  m_UseLightProbes: 0
  m_LightProbeAnchor: {fileID: 0}
  m_ScaleInLightmap: 1
  m_SortingLayer: 0
  m_SortingOrder: 0
  m_SortingLayerID: 0
--- !u!33 &3300000
MeshFilter:
  m_ObjectHideFlags: 1
  m_PrefabParentObject: {fileID: 0}
  m_PrefabInternal: {fileID: 100100000}
  m_GameObject: {fileID: 100028}
  m_Mesh: {fileID: 4300000, guid: 2eb42381ff6be4f18a273eabefbd1d7c, type: 3}
--- !u!33 &3300002
MeshFilter:
  m_ObjectHideFlags: 1
  m_PrefabParentObject: {fileID: 0}
  m_PrefabInternal: {fileID: 100100000}
  m_GameObject: {fileID: 100026}
  m_Mesh: {fileID: 4300000, guid: 2eb42381ff6be4f18a273eabefbd1d7c, type: 3}
--- !u!33 &3300004
MeshFilter:
  m_ObjectHideFlags: 1
  m_PrefabParentObject: {fileID: 0}
  m_PrefabInternal: {fileID: 100100000}
  m_GameObject: {fileID: 100024}
  m_Mesh: {fileID: 4300000, guid: 2eb42381ff6be4f18a273eabefbd1d7c, type: 3}
--- !u!33 &3300006
MeshFilter:
  m_ObjectHideFlags: 1
  m_PrefabParentObject: {fileID: 0}
  m_PrefabInternal: {fileID: 100100000}
  m_GameObject: {fileID: 100022}
  m_Mesh: {fileID: 4300000, guid: 2eb42381ff6be4f18a273eabefbd1d7c, type: 3}
--- !u!33 &3300008
MeshFilter:
  m_ObjectHideFlags: 1
  m_PrefabParentObject: {fileID: 0}
  m_PrefabInternal: {fileID: 100100000}
  m_GameObject: {fileID: 100020}
  m_Mesh: {fileID: 4300000, guid: 2eb42381ff6be4f18a273eabefbd1d7c, type: 3}
--- !u!33 &3300010
MeshFilter:
  m_ObjectHideFlags: 1
  m_PrefabParentObject: {fileID: 0}
  m_PrefabInternal: {fileID: 100100000}
  m_GameObject: {fileID: 100008}
  m_Mesh: {fileID: 4300000, guid: 2eb42381ff6be4f18a273eabefbd1d7c, type: 3}
--- !u!33 &3300012
MeshFilter:
  m_ObjectHideFlags: 1
  m_PrefabParentObject: {fileID: 0}
  m_PrefabInternal: {fileID: 100100000}
  m_GameObject: {fileID: 100016}
  m_Mesh: {fileID: 4300000, guid: 2eb42381ff6be4f18a273eabefbd1d7c, type: 3}
--- !u!33 &3300014
MeshFilter:
  m_ObjectHideFlags: 1
  m_PrefabParentObject: {fileID: 0}
  m_PrefabInternal: {fileID: 100100000}
  m_GameObject: {fileID: 100012}
  m_Mesh: {fileID: 4300000, guid: 2eb42381ff6be4f18a273eabefbd1d7c, type: 3}
--- !u!33 &3300016
MeshFilter:
  m_ObjectHideFlags: 1
  m_PrefabParentObject: {fileID: 0}
  m_PrefabInternal: {fileID: 100100000}
  m_GameObject: {fileID: 100018}
  m_Mesh: {fileID: 4300000, guid: 2eb42381ff6be4f18a273eabefbd1d7c, type: 3}
--- !u!33 &3300018
MeshFilter:
  m_ObjectHideFlags: 1
  m_PrefabParentObject: {fileID: 0}
  m_PrefabInternal: {fileID: 100100000}
  m_GameObject: {fileID: 100004}
  m_Mesh: {fileID: 4300000, guid: 2eb42381ff6be4f18a273eabefbd1d7c, type: 3}
--- !u!33 &3300020
MeshFilter:
  m_ObjectHideFlags: 1
  m_PrefabParentObject: {fileID: 0}
  m_PrefabInternal: {fileID: 100100000}
  m_GameObject: {fileID: 100002}
  m_Mesh: {fileID: 4300000, guid: 2eb42381ff6be4f18a273eabefbd1d7c, type: 3}
--- !u!33 &3300022
MeshFilter:
  m_ObjectHideFlags: 1
  m_PrefabParentObject: {fileID: 0}
  m_PrefabInternal: {fileID: 100100000}
  m_GameObject: {fileID: 100014}
  m_Mesh: {fileID: 4300000, guid: 2eb42381ff6be4f18a273eabefbd1d7c, type: 3}
--- !u!33 &3300024
MeshFilter:
  m_ObjectHideFlags: 1
  m_PrefabParentObject: {fileID: 0}
  m_PrefabInternal: {fileID: 100100000}
  m_GameObject: {fileID: 100010}
  m_Mesh: {fileID: 4300000, guid: 2eb42381ff6be4f18a273eabefbd1d7c, type: 3}
--- !u!33 &3300026
MeshFilter:
  m_ObjectHideFlags: 1
  m_PrefabParentObject: {fileID: 0}
  m_PrefabInternal: {fileID: 100100000}
  m_GameObject: {fileID: 100000}
  m_Mesh: {fileID: 4300000, guid: 2eb42381ff6be4f18a273eabefbd1d7c, type: 3}
--- !u!33 &3300028
MeshFilter:
  m_ObjectHideFlags: 1
  m_PrefabParentObject: {fileID: 0}
  m_PrefabInternal: {fileID: 100100000}
  m_GameObject: {fileID: 100006}
  m_Mesh: {fileID: 4300000, guid: 2eb42381ff6be4f18a273eabefbd1d7c, type: 3}
--- !u!54 &5400000
Rigidbody:
  m_ObjectHideFlags: 1
  m_PrefabParentObject: {fileID: 0}
  m_PrefabInternal: {fileID: 100100000}
  m_GameObject: {fileID: 100028}
  serializedVersion: 2
  m_Mass: 1
  m_Drag: 0
  m_AngularDrag: .0500000007
  m_UseGravity: 0
  m_IsKinematic: 1
  m_Interpolate: 0
  m_Constraints: 0
  m_CollisionDetection: 0
--- !u!54 &5400002
Rigidbody:
  m_ObjectHideFlags: 1
  m_PrefabParentObject: {fileID: 0}
  m_PrefabInternal: {fileID: 100100000}
  m_GameObject: {fileID: 100026}
  serializedVersion: 2
  m_Mass: 1
  m_Drag: 0
  m_AngularDrag: .0500000007
  m_UseGravity: 0
  m_IsKinematic: 1
  m_Interpolate: 0
  m_Constraints: 0
  m_CollisionDetection: 0
--- !u!54 &5400004
Rigidbody:
  m_ObjectHideFlags: 1
  m_PrefabParentObject: {fileID: 0}
  m_PrefabInternal: {fileID: 100100000}
  m_GameObject: {fileID: 100024}
  serializedVersion: 2
  m_Mass: 1
  m_Drag: 0
  m_AngularDrag: .0500000007
  m_UseGravity: 0
  m_IsKinematic: 1
  m_Interpolate: 0
  m_Constraints: 0
  m_CollisionDetection: 0
--- !u!54 &5400006
Rigidbody:
  m_ObjectHideFlags: 1
  m_PrefabParentObject: {fileID: 0}
  m_PrefabInternal: {fileID: 100100000}
  m_GameObject: {fileID: 100022}
  serializedVersion: 2
  m_Mass: 1
  m_Drag: 0
  m_AngularDrag: .0500000007
  m_UseGravity: 0
  m_IsKinematic: 1
  m_Interpolate: 0
  m_Constraints: 0
  m_CollisionDetection: 0
--- !u!54 &5400008
Rigidbody:
  m_ObjectHideFlags: 1
  m_PrefabParentObject: {fileID: 0}
  m_PrefabInternal: {fileID: 100100000}
  m_GameObject: {fileID: 100020}
  serializedVersion: 2
  m_Mass: 1
  m_Drag: 0
  m_AngularDrag: .0500000007
  m_UseGravity: 0
  m_IsKinematic: 1
  m_Interpolate: 0
  m_Constraints: 0
  m_CollisionDetection: 0
--- !u!54 &5400010
Rigidbody:
  m_ObjectHideFlags: 1
  m_PrefabParentObject: {fileID: 0}
  m_PrefabInternal: {fileID: 100100000}
  m_GameObject: {fileID: 100008}
  serializedVersion: 2
  m_Mass: 1
  m_Drag: 0
  m_AngularDrag: .0500000007
  m_UseGravity: 0
  m_IsKinematic: 1
  m_Interpolate: 0
  m_Constraints: 0
  m_CollisionDetection: 0
--- !u!54 &5400012
Rigidbody:
  m_ObjectHideFlags: 1
  m_PrefabParentObject: {fileID: 0}
  m_PrefabInternal: {fileID: 100100000}
  m_GameObject: {fileID: 100016}
  serializedVersion: 2
  m_Mass: 1
  m_Drag: 0
  m_AngularDrag: .0500000007
  m_UseGravity: 0
  m_IsKinematic: 1
  m_Interpolate: 0
  m_Constraints: 0
  m_CollisionDetection: 0
--- !u!54 &5400014
Rigidbody:
  m_ObjectHideFlags: 1
  m_PrefabParentObject: {fileID: 0}
  m_PrefabInternal: {fileID: 100100000}
  m_GameObject: {fileID: 100012}
  serializedVersion: 2
  m_Mass: 1
  m_Drag: 0
  m_AngularDrag: .0500000007
  m_UseGravity: 0
  m_IsKinematic: 1
  m_Interpolate: 0
  m_Constraints: 0
  m_CollisionDetection: 0
--- !u!54 &5400016
Rigidbody:
  m_ObjectHideFlags: 1
  m_PrefabParentObject: {fileID: 0}
  m_PrefabInternal: {fileID: 100100000}
  m_GameObject: {fileID: 100018}
  serializedVersion: 2
  m_Mass: 1
  m_Drag: 0
  m_AngularDrag: .0500000007
  m_UseGravity: 0
  m_IsKinematic: 1
  m_Interpolate: 0
  m_Constraints: 0
  m_CollisionDetection: 0
--- !u!54 &5400018
Rigidbody:
  m_ObjectHideFlags: 1
  m_PrefabParentObject: {fileID: 0}
  m_PrefabInternal: {fileID: 100100000}
  m_GameObject: {fileID: 100004}
  serializedVersion: 2
  m_Mass: 1
  m_Drag: 0
  m_AngularDrag: .0500000007
  m_UseGravity: 0
  m_IsKinematic: 1
  m_Interpolate: 0
  m_Constraints: 0
  m_CollisionDetection: 0
--- !u!54 &5400020
Rigidbody:
  m_ObjectHideFlags: 1
  m_PrefabParentObject: {fileID: 0}
  m_PrefabInternal: {fileID: 100100000}
  m_GameObject: {fileID: 100002}
  serializedVersion: 2
  m_Mass: 1
  m_Drag: 0
  m_AngularDrag: .0500000007
  m_UseGravity: 0
  m_IsKinematic: 1
  m_Interpolate: 0
  m_Constraints: 0
  m_CollisionDetection: 0
--- !u!54 &5400022
Rigidbody:
  m_ObjectHideFlags: 1
  m_PrefabParentObject: {fileID: 0}
  m_PrefabInternal: {fileID: 100100000}
  m_GameObject: {fileID: 100014}
  serializedVersion: 2
  m_Mass: 1
  m_Drag: 0
  m_AngularDrag: .0500000007
  m_UseGravity: 0
  m_IsKinematic: 1
  m_Interpolate: 0
  m_Constraints: 0
  m_CollisionDetection: 0
--- !u!54 &5400024
Rigidbody:
  m_ObjectHideFlags: 1
  m_PrefabParentObject: {fileID: 0}
  m_PrefabInternal: {fileID: 100100000}
  m_GameObject: {fileID: 100010}
  serializedVersion: 2
  m_Mass: 1
  m_Drag: 0
  m_AngularDrag: .0500000007
  m_UseGravity: 0
  m_IsKinematic: 1
  m_Interpolate: 0
  m_Constraints: 0
  m_CollisionDetection: 0
--- !u!54 &5400026
Rigidbody:
  m_ObjectHideFlags: 1
  m_PrefabParentObject: {fileID: 0}
  m_PrefabInternal: {fileID: 100100000}
  m_GameObject: {fileID: 100000}
  serializedVersion: 2
  m_Mass: 1
  m_Drag: 0
  m_AngularDrag: .0500000007
  m_UseGravity: 0
  m_IsKinematic: 1
  m_Interpolate: 0
  m_Constraints: 0
  m_CollisionDetection: 0
--- !u!54 &5400028
Rigidbody:
  m_ObjectHideFlags: 1
  m_PrefabParentObject: {fileID: 0}
  m_PrefabInternal: {fileID: 100100000}
  m_GameObject: {fileID: 100006}
  serializedVersion: 2
  m_Mass: 1
  m_Drag: 0
  m_AngularDrag: .0500000007
  m_UseGravity: 0
  m_IsKinematic: 1
  m_Interpolate: 0
  m_Constraints: 0
  m_CollisionDetection: 0
--- !u!65 &6500000
BoxCollider:
  m_ObjectHideFlags: 1
  m_PrefabParentObject: {fileID: 0}
  m_PrefabInternal: {fileID: 100100000}
  m_GameObject: {fileID: 100028}
  m_Material: {fileID: 0}
  m_IsTrigger: 1
  m_Enabled: 1
  serializedVersion: 2
  m_Size: {x: 1.17999995, y: 1.21000004, z: .200000003}
  m_Center: {x: 0, y: 0, z: 0}
--- !u!65 &6500002
BoxCollider:
  m_ObjectHideFlags: 1
  m_PrefabParentObject: {fileID: 0}
  m_PrefabInternal: {fileID: 100100000}
  m_GameObject: {fileID: 100026}
  m_Material: {fileID: 0}
  m_IsTrigger: 1
  m_Enabled: 1
  serializedVersion: 2
  m_Size: {x: 1.17999995, y: 1.21000004, z: .200000003}
  m_Center: {x: 0, y: 0, z: 0}
--- !u!65 &6500004
BoxCollider:
  m_ObjectHideFlags: 1
  m_PrefabParentObject: {fileID: 0}
  m_PrefabInternal: {fileID: 100100000}
  m_GameObject: {fileID: 100024}
  m_Material: {fileID: 0}
  m_IsTrigger: 1
  m_Enabled: 1
  serializedVersion: 2
  m_Size: {x: 1.17999995, y: 1.21000004, z: .200000003}
  m_Center: {x: 0, y: 0, z: 0}
--- !u!65 &6500006
BoxCollider:
  m_ObjectHideFlags: 1
  m_PrefabParentObject: {fileID: 0}
  m_PrefabInternal: {fileID: 100100000}
  m_GameObject: {fileID: 100022}
  m_Material: {fileID: 0}
  m_IsTrigger: 1
  m_Enabled: 1
  serializedVersion: 2
  m_Size: {x: 1.17999995, y: 1.21000004, z: .200000003}
  m_Center: {x: 0, y: 0, z: 0}
--- !u!65 &6500008
BoxCollider:
  m_ObjectHideFlags: 1
  m_PrefabParentObject: {fileID: 0}
  m_PrefabInternal: {fileID: 100100000}
  m_GameObject: {fileID: 100020}
  m_Material: {fileID: 0}
  m_IsTrigger: 1
  m_Enabled: 1
  serializedVersion: 2
  m_Size: {x: 1.17999995, y: 1.21000004, z: .200000003}
  m_Center: {x: 0, y: 0, z: 0}
--- !u!65 &6500010
BoxCollider:
  m_ObjectHideFlags: 1
  m_PrefabParentObject: {fileID: 0}
  m_PrefabInternal: {fileID: 100100000}
  m_GameObject: {fileID: 100008}
  m_Material: {fileID: 0}
  m_IsTrigger: 1
  m_Enabled: 1
  serializedVersion: 2
  m_Size: {x: 1.17999995, y: 1.21000004, z: .200000003}
  m_Center: {x: 0, y: 0, z: 0}
--- !u!65 &6500012
BoxCollider:
  m_ObjectHideFlags: 1
  m_PrefabParentObject: {fileID: 0}
  m_PrefabInternal: {fileID: 100100000}
  m_GameObject: {fileID: 100016}
  m_Material: {fileID: 0}
  m_IsTrigger: 1
  m_Enabled: 1
  serializedVersion: 2
  m_Size: {x: 1.17999995, y: 1.21000004, z: .200000003}
  m_Center: {x: 0, y: 0, z: 0}
--- !u!65 &6500014
BoxCollider:
  m_ObjectHideFlags: 1
  m_PrefabParentObject: {fileID: 0}
  m_PrefabInternal: {fileID: 100100000}
  m_GameObject: {fileID: 100012}
  m_Material: {fileID: 0}
  m_IsTrigger: 1
  m_Enabled: 1
  serializedVersion: 2
  m_Size: {x: 1.17999995, y: 1.21000004, z: .200000003}
  m_Center: {x: 0, y: 0, z: 0}
--- !u!65 &6500016
BoxCollider:
  m_ObjectHideFlags: 1
  m_PrefabParentObject: {fileID: 0}
  m_PrefabInternal: {fileID: 100100000}
  m_GameObject: {fileID: 100018}
  m_Material: {fileID: 0}
  m_IsTrigger: 1
  m_Enabled: 1
  serializedVersion: 2
  m_Size: {x: 1.17999995, y: 1.21000004, z: .200000003}
  m_Center: {x: 0, y: 0, z: 0}
--- !u!65 &6500018
BoxCollider:
  m_ObjectHideFlags: 1
  m_PrefabParentObject: {fileID: 0}
  m_PrefabInternal: {fileID: 100100000}
  m_GameObject: {fileID: 100004}
  m_Material: {fileID: 0}
  m_IsTrigger: 1
  m_Enabled: 1
  serializedVersion: 2
  m_Size: {x: 1.17999995, y: 1.21000004, z: .200000003}
  m_Center: {x: 0, y: 0, z: 0}
--- !u!65 &6500020
BoxCollider:
  m_ObjectHideFlags: 1
  m_PrefabParentObject: {fileID: 0}
  m_PrefabInternal: {fileID: 100100000}
  m_GameObject: {fileID: 100002}
  m_Material: {fileID: 0}
  m_IsTrigger: 1
  m_Enabled: 1
  serializedVersion: 2
  m_Size: {x: 1.17999995, y: 1.21000004, z: .200000003}
  m_Center: {x: 0, y: 0, z: 0}
--- !u!65 &6500022
BoxCollider:
  m_ObjectHideFlags: 1
  m_PrefabParentObject: {fileID: 0}
  m_PrefabInternal: {fileID: 100100000}
  m_GameObject: {fileID: 100014}
  m_Material: {fileID: 0}
  m_IsTrigger: 1
  m_Enabled: 1
  serializedVersion: 2
  m_Size: {x: 1.17999995, y: 1.21000004, z: .200000003}
  m_Center: {x: 0, y: 0, z: 0}
--- !u!65 &6500024
BoxCollider:
  m_ObjectHideFlags: 1
  m_PrefabParentObject: {fileID: 0}
  m_PrefabInternal: {fileID: 100100000}
  m_GameObject: {fileID: 100010}
  m_Material: {fileID: 0}
  m_IsTrigger: 1
  m_Enabled: 1
  serializedVersion: 2
  m_Size: {x: 1.17999995, y: 1.21000004, z: .200000003}
  m_Center: {x: 0, y: 0, z: 0}
--- !u!65 &6500026
BoxCollider:
  m_ObjectHideFlags: 1
  m_PrefabParentObject: {fileID: 0}
  m_PrefabInternal: {fileID: 100100000}
  m_GameObject: {fileID: 100000}
  m_Material: {fileID: 0}
  m_IsTrigger: 1
  m_Enabled: 1
  serializedVersion: 2
  m_Size: {x: 1.17999995, y: 1.21000004, z: .200000003}
  m_Center: {x: 0, y: 0, z: 0}
--- !u!65 &6500028
BoxCollider:
  m_ObjectHideFlags: 1
  m_PrefabParentObject: {fileID: 0}
  m_PrefabInternal: {fileID: 100100000}
  m_GameObject: {fileID: 100006}
  m_Material: {fileID: 0}
  m_IsTrigger: 1
  m_Enabled: 1
  serializedVersion: 2
  m_Size: {x: 1.17999995, y: 1.21000004, z: .200000003}
  m_Center: {x: 0, y: 0, z: 0}
--- !u!95 &9500000
Animator:
  serializedVersion: 2
  m_ObjectHideFlags: 1
  m_PrefabParentObject: {fileID: 0}
  m_PrefabInternal: {fileID: 100100000}
  m_GameObject: {fileID: 100028}
  m_Enabled: 1
  m_Avatar: {fileID: 9000000, guid: 294236d10f77e4299b97c4c9ed29bad7, type: 3}
  m_Controller: {fileID: 0}
  m_CullingMode: 0
  m_ApplyRootMotion: 1
  m_AnimatePhysics: 0
  m_HasTransformHierarchy: 1
--- !u!95 &9500002
Animator:
  serializedVersion: 2
  m_ObjectHideFlags: 1
  m_PrefabParentObject: {fileID: 0}
  m_PrefabInternal: {fileID: 100100000}
  m_GameObject: {fileID: 100026}
  m_Enabled: 1
  m_Avatar: {fileID: 9000000, guid: 294236d10f77e4299b97c4c9ed29bad7, type: 3}
  m_Controller: {fileID: 0}
  m_CullingMode: 0
  m_ApplyRootMotion: 1
  m_AnimatePhysics: 0
  m_HasTransformHierarchy: 1
--- !u!95 &9500004
Animator:
  serializedVersion: 2
  m_ObjectHideFlags: 1
  m_PrefabParentObject: {fileID: 0}
  m_PrefabInternal: {fileID: 100100000}
  m_GameObject: {fileID: 100024}
  m_Enabled: 1
  m_Avatar: {fileID: 9000000, guid: 294236d10f77e4299b97c4c9ed29bad7, type: 3}
  m_Controller: {fileID: 0}
  m_CullingMode: 0
  m_ApplyRootMotion: 1
  m_AnimatePhysics: 0
  m_HasTransformHierarchy: 1
--- !u!95 &9500006
Animator:
  serializedVersion: 2
  m_ObjectHideFlags: 1
  m_PrefabParentObject: {fileID: 0}
  m_PrefabInternal: {fileID: 100100000}
  m_GameObject: {fileID: 100022}
  m_Enabled: 1
  m_Avatar: {fileID: 9000000, guid: 294236d10f77e4299b97c4c9ed29bad7, type: 3}
  m_Controller: {fileID: 0}
  m_CullingMode: 0
  m_ApplyRootMotion: 1
  m_AnimatePhysics: 0
  m_HasTransformHierarchy: 1
--- !u!95 &9500008
Animator:
  serializedVersion: 2
  m_ObjectHideFlags: 1
  m_PrefabParentObject: {fileID: 0}
  m_PrefabInternal: {fileID: 100100000}
  m_GameObject: {fileID: 100020}
  m_Enabled: 1
  m_Avatar: {fileID: 9000000, guid: 294236d10f77e4299b97c4c9ed29bad7, type: 3}
  m_Controller: {fileID: 0}
  m_CullingMode: 0
  m_ApplyRootMotion: 1
  m_AnimatePhysics: 0
  m_HasTransformHierarchy: 1
--- !u!95 &9500010
Animator:
  serializedVersion: 2
  m_ObjectHideFlags: 1
  m_PrefabParentObject: {fileID: 0}
  m_PrefabInternal: {fileID: 100100000}
  m_GameObject: {fileID: 100008}
  m_Enabled: 1
  m_Avatar: {fileID: 9000000, guid: 294236d10f77e4299b97c4c9ed29bad7, type: 3}
  m_Controller: {fileID: 0}
  m_CullingMode: 0
  m_ApplyRootMotion: 1
  m_AnimatePhysics: 0
  m_HasTransformHierarchy: 1
--- !u!95 &9500012
Animator:
  serializedVersion: 2
  m_ObjectHideFlags: 1
  m_PrefabParentObject: {fileID: 0}
  m_PrefabInternal: {fileID: 100100000}
  m_GameObject: {fileID: 100016}
  m_Enabled: 1
  m_Avatar: {fileID: 9000000, guid: 294236d10f77e4299b97c4c9ed29bad7, type: 3}
  m_Controller: {fileID: 0}
  m_CullingMode: 0
  m_ApplyRootMotion: 1
  m_AnimatePhysics: 0
  m_HasTransformHierarchy: 1
--- !u!95 &9500014
Animator:
  serializedVersion: 2
  m_ObjectHideFlags: 1
  m_PrefabParentObject: {fileID: 0}
  m_PrefabInternal: {fileID: 100100000}
  m_GameObject: {fileID: 100012}
  m_Enabled: 1
  m_Avatar: {fileID: 9000000, guid: 294236d10f77e4299b97c4c9ed29bad7, type: 3}
  m_Controller: {fileID: 0}
  m_CullingMode: 0
  m_ApplyRootMotion: 1
  m_AnimatePhysics: 0
  m_HasTransformHierarchy: 1
--- !u!95 &9500016
Animator:
  serializedVersion: 2
  m_ObjectHideFlags: 1
  m_PrefabParentObject: {fileID: 0}
  m_PrefabInternal: {fileID: 100100000}
  m_GameObject: {fileID: 100018}
  m_Enabled: 1
  m_Avatar: {fileID: 9000000, guid: 294236d10f77e4299b97c4c9ed29bad7, type: 3}
  m_Controller: {fileID: 0}
  m_CullingMode: 0
  m_ApplyRootMotion: 1
  m_AnimatePhysics: 0
  m_HasTransformHierarchy: 1
--- !u!95 &9500018
Animator:
  serializedVersion: 2
  m_ObjectHideFlags: 1
  m_PrefabParentObject: {fileID: 0}
  m_PrefabInternal: {fileID: 100100000}
  m_GameObject: {fileID: 100004}
  m_Enabled: 1
  m_Avatar: {fileID: 9000000, guid: 294236d10f77e4299b97c4c9ed29bad7, type: 3}
  m_Controller: {fileID: 0}
  m_CullingMode: 0
  m_ApplyRootMotion: 1
  m_AnimatePhysics: 0
  m_HasTransformHierarchy: 1
--- !u!95 &9500020
Animator:
  serializedVersion: 2
  m_ObjectHideFlags: 1
  m_PrefabParentObject: {fileID: 0}
  m_PrefabInternal: {fileID: 100100000}
  m_GameObject: {fileID: 100002}
  m_Enabled: 1
  m_Avatar: {fileID: 9000000, guid: 294236d10f77e4299b97c4c9ed29bad7, type: 3}
  m_Controller: {fileID: 0}
  m_CullingMode: 0
  m_ApplyRootMotion: 1
  m_AnimatePhysics: 0
  m_HasTransformHierarchy: 1
--- !u!95 &9500022
Animator:
  serializedVersion: 2
  m_ObjectHideFlags: 1
  m_PrefabParentObject: {fileID: 0}
  m_PrefabInternal: {fileID: 100100000}
  m_GameObject: {fileID: 100014}
  m_Enabled: 1
  m_Avatar: {fileID: 9000000, guid: 294236d10f77e4299b97c4c9ed29bad7, type: 3}
  m_Controller: {fileID: 0}
  m_CullingMode: 0
  m_ApplyRootMotion: 1
  m_AnimatePhysics: 0
  m_HasTransformHierarchy: 1
--- !u!95 &9500024
Animator:
  serializedVersion: 2
  m_ObjectHideFlags: 1
  m_PrefabParentObject: {fileID: 0}
  m_PrefabInternal: {fileID: 100100000}
  m_GameObject: {fileID: 100010}
  m_Enabled: 1
  m_Avatar: {fileID: 9000000, guid: 294236d10f77e4299b97c4c9ed29bad7, type: 3}
  m_Controller: {fileID: 0}
  m_CullingMode: 0
  m_ApplyRootMotion: 1
  m_AnimatePhysics: 0
  m_HasTransformHierarchy: 1
--- !u!95 &9500026
Animator:
  serializedVersion: 2
  m_ObjectHideFlags: 1
  m_PrefabParentObject: {fileID: 0}
  m_PrefabInternal: {fileID: 100100000}
  m_GameObject: {fileID: 100000}
  m_Enabled: 1
  m_Avatar: {fileID: 9000000, guid: 294236d10f77e4299b97c4c9ed29bad7, type: 3}
  m_Controller: {fileID: 0}
  m_CullingMode: 0
  m_ApplyRootMotion: 1
  m_AnimatePhysics: 0
  m_HasTransformHierarchy: 1
--- !u!95 &9500028
Animator:
  serializedVersion: 2
  m_ObjectHideFlags: 1
  m_PrefabParentObject: {fileID: 0}
  m_PrefabInternal: {fileID: 100100000}
  m_GameObject: {fileID: 100006}
  m_Enabled: 1
  m_Avatar: {fileID: 9000000, guid: 294236d10f77e4299b97c4c9ed29bad7, type: 3}
  m_Controller: {fileID: 0}
  m_CullingMode: 0
  m_ApplyRootMotion: 1
  m_AnimatePhysics: 0
  m_HasTransformHierarchy: 1
--- !u!114 &11400000
MonoBehaviour:
  m_ObjectHideFlags: 1
  m_PrefabParentObject: {fileID: 0}
  m_PrefabInternal: {fileID: 100100000}
  m_GameObject: {fileID: 100028}
  m_Enabled: 1
  m_EditorHideFlags: 0
  m_Script: {fileID: 11500000, guid: d55dfe0943423ba45b3773193962d415, type: 3}
  m_Name: 
  m_EditorClassIdentifier: 
  sections: 
  optimizeDeactivation: 0
  canSpawnInLeftSlot: 0
  canSpawnInCenterSlot: 0
  canSpawnInRightSlot: 0
  canSpawnInAir: 0
  collectSpeed: .75
  rotationSpeed: 2
  rotationDelay: .400000006
  isLifeSaver: 0
--- !u!114 &11400002
MonoBehaviour:
  m_ObjectHideFlags: 1
  m_PrefabParentObject: {fileID: 0}
  m_PrefabInternal: {fileID: 100100000}
  m_GameObject: {fileID: 100026}
  m_Enabled: 1
  m_EditorHideFlags: 0
  m_Script: {fileID: 11500000, guid: d55dfe0943423ba45b3773193962d415, type: 3}
  m_Name: 
  m_EditorClassIdentifier: 
  sections: 
  optimizeDeactivation: 0
  canSpawnInLeftSlot: 0
  canSpawnInCenterSlot: 0
  canSpawnInRightSlot: 0
  canSpawnInAir: 0
  collectSpeed: .75
  rotationSpeed: 2
  rotationDelay: .600000024
  isLifeSaver: 0
--- !u!114 &11400004
MonoBehaviour:
  m_ObjectHideFlags: 1
  m_PrefabParentObject: {fileID: 0}
  m_PrefabInternal: {fileID: 100100000}
  m_GameObject: {fileID: 100024}
  m_Enabled: 1
  m_EditorHideFlags: 0
  m_Script: {fileID: 11500000, guid: d55dfe0943423ba45b3773193962d415, type: 3}
  m_Name: 
  m_EditorClassIdentifier: 
  sections: 
  optimizeDeactivation: 0
  canSpawnInLeftSlot: 0
  canSpawnInCenterSlot: 0
  canSpawnInRightSlot: 0
  canSpawnInAir: 0
  collectSpeed: .75
  rotationSpeed: 2
  rotationDelay: .200000003
  isLifeSaver: 0
--- !u!114 &11400006
MonoBehaviour:
  m_ObjectHideFlags: 1
  m_PrefabParentObject: {fileID: 0}
  m_PrefabInternal: {fileID: 100100000}
  m_GameObject: {fileID: 100022}
  m_Enabled: 1
  m_EditorHideFlags: 0
  m_Script: {fileID: 11500000, guid: d55dfe0943423ba45b3773193962d415, type: 3}
  m_Name: 
  m_EditorClassIdentifier: 
  sections: 
  optimizeDeactivation: 0
  canSpawnInLeftSlot: 0
  canSpawnInCenterSlot: 0
  canSpawnInRightSlot: 0
  canSpawnInAir: 0
  collectSpeed: .75
  rotationSpeed: 2
  rotationDelay: .800000012
  isLifeSaver: 0
--- !u!114 &11400008
MonoBehaviour:
  m_ObjectHideFlags: 1
  m_PrefabParentObject: {fileID: 0}
  m_PrefabInternal: {fileID: 100100000}
  m_GameObject: {fileID: 100020}
  m_Enabled: 1
  m_EditorHideFlags: 0
  m_Script: {fileID: 11500000, guid: d55dfe0943423ba45b3773193962d415, type: 3}
  m_Name: 
  m_EditorClassIdentifier: 
  sections: 
  optimizeDeactivation: 0
  canSpawnInLeftSlot: 0
  canSpawnInCenterSlot: 0
  canSpawnInRightSlot: 0
  canSpawnInAir: 0
  collectSpeed: .75
  rotationSpeed: 2
  rotationDelay: 0
  isLifeSaver: 0
--- !u!114 &11400010
MonoBehaviour:
  m_ObjectHideFlags: 1
  m_PrefabParentObject: {fileID: 0}
  m_PrefabInternal: {fileID: 100100000}
  m_GameObject: {fileID: 100008}
  m_Enabled: 1
  m_EditorHideFlags: 0
  m_Script: {fileID: 11500000, guid: d55dfe0943423ba45b3773193962d415, type: 3}
  m_Name: 
  m_EditorClassIdentifier: 
  sections: 
  optimizeDeactivation: 0
  canSpawnInLeftSlot: 0
  canSpawnInCenterSlot: 0
  canSpawnInRightSlot: 0
  canSpawnInAir: 0
  collectSpeed: .75
  rotationSpeed: 2
  rotationDelay: .600000024
  isLifeSaver: 0
--- !u!114 &11400012
MonoBehaviour:
  m_ObjectHideFlags: 1
  m_PrefabParentObject: {fileID: 0}
  m_PrefabInternal: {fileID: 100100000}
  m_GameObject: {fileID: 100016}
  m_Enabled: 1
  m_EditorHideFlags: 0
  m_Script: {fileID: 11500000, guid: d55dfe0943423ba45b3773193962d415, type: 3}
  m_Name: 
  m_EditorClassIdentifier: 
  sections: 
  optimizeDeactivation: 0
  canSpawnInLeftSlot: 0
  canSpawnInCenterSlot: 0
  canSpawnInRightSlot: 0
  canSpawnInAir: 0
  collectSpeed: .75
  rotationSpeed: 2
  rotationDelay: .800000012
  isLifeSaver: 0
--- !u!114 &11400014
MonoBehaviour:
  m_ObjectHideFlags: 1
  m_PrefabParentObject: {fileID: 0}
  m_PrefabInternal: {fileID: 100100000}
  m_GameObject: {fileID: 100012}
  m_Enabled: 1
  m_EditorHideFlags: 0
  m_Script: {fileID: 11500000, guid: d55dfe0943423ba45b3773193962d415, type: 3}
  m_Name: 
  m_EditorClassIdentifier: 
  sections: 
  optimizeDeactivation: 0
  canSpawnInLeftSlot: 0
  canSpawnInCenterSlot: 0
  canSpawnInRightSlot: 0
  canSpawnInAir: 0
  collectSpeed: .75
  rotationSpeed: 2
  rotationDelay: .200000003
  isLifeSaver: 0
--- !u!114 &11400016
MonoBehaviour:
  m_ObjectHideFlags: 1
  m_PrefabParentObject: {fileID: 0}
  m_PrefabInternal: {fileID: 100100000}
  m_GameObject: {fileID: 100018}
  m_Enabled: 1
  m_EditorHideFlags: 0
  m_Script: {fileID: 11500000, guid: d55dfe0943423ba45b3773193962d415, type: 3}
  m_Name: 
  m_EditorClassIdentifier: 
  sections: 
  optimizeDeactivation: 0
  canSpawnInLeftSlot: 0
  canSpawnInCenterSlot: 0
  canSpawnInRightSlot: 0
  canSpawnInAir: 0
  collectSpeed: .75
  rotationSpeed: 2
  rotationDelay: 0
  isLifeSaver: 0
--- !u!114 &11400018
MonoBehaviour:
  m_ObjectHideFlags: 1
  m_PrefabParentObject: {fileID: 0}
  m_PrefabInternal: {fileID: 100100000}
  m_GameObject: {fileID: 100004}
  m_Enabled: 1
  m_EditorHideFlags: 0
  m_Script: {fileID: 11500000, guid: d55dfe0943423ba45b3773193962d415, type: 3}
  m_Name: 
  m_EditorClassIdentifier: 
  sections: 
  optimizeDeactivation: 0
  canSpawnInLeftSlot: 0
  canSpawnInCenterSlot: 0
  canSpawnInRightSlot: 0
  canSpawnInAir: 0
  collectSpeed: .75
  rotationSpeed: 2
  rotationDelay: .400000006
  isLifeSaver: 0
--- !u!114 &11400020
MonoBehaviour:
  m_ObjectHideFlags: 1
  m_PrefabParentObject: {fileID: 0}
  m_PrefabInternal: {fileID: 100100000}
  m_GameObject: {fileID: 100002}
  m_Enabled: 1
  m_EditorHideFlags: 0
  m_Script: {fileID: 11500000, guid: d55dfe0943423ba45b3773193962d415, type: 3}
  m_Name: 
  m_EditorClassIdentifier: 
  sections: 
  optimizeDeactivation: 0
  canSpawnInLeftSlot: 0
  canSpawnInCenterSlot: 0
  canSpawnInRightSlot: 0
  canSpawnInAir: 0
  collectSpeed: .75
  rotationSpeed: 2
  rotationDelay: .200000003
  isLifeSaver: 0
--- !u!114 &11400022
MonoBehaviour:
  m_ObjectHideFlags: 1
  m_PrefabParentObject: {fileID: 0}
  m_PrefabInternal: {fileID: 100100000}
  m_GameObject: {fileID: 100014}
  m_Enabled: 1
  m_EditorHideFlags: 0
  m_Script: {fileID: 11500000, guid: d55dfe0943423ba45b3773193962d415, type: 3}
  m_Name: 
  m_EditorClassIdentifier: 
  sections: 
  optimizeDeactivation: 0
  canSpawnInLeftSlot: 0
  canSpawnInCenterSlot: 0
  canSpawnInRightSlot: 0
  canSpawnInAir: 0
  collectSpeed: .75
  rotationSpeed: 2
  rotationDelay: .400000006
  isLifeSaver: 0
--- !u!114 &11400024
MonoBehaviour:
  m_ObjectHideFlags: 1
  m_PrefabParentObject: {fileID: 0}
  m_PrefabInternal: {fileID: 100100000}
  m_GameObject: {fileID: 100010}
  m_Enabled: 1
  m_EditorHideFlags: 0
  m_Script: {fileID: 11500000, guid: d55dfe0943423ba45b3773193962d415, type: 3}
  m_Name: 
  m_EditorClassIdentifier: 
  sections: 
  optimizeDeactivation: 0
  canSpawnInLeftSlot: 0
  canSpawnInCenterSlot: 0
  canSpawnInRightSlot: 0
  canSpawnInAir: 0
  collectSpeed: .75
  rotationSpeed: 2
  rotationDelay: .800000012
  isLifeSaver: 0
--- !u!114 &11400026
MonoBehaviour:
  m_ObjectHideFlags: 1
  m_PrefabParentObject: {fileID: 0}
  m_PrefabInternal: {fileID: 100100000}
  m_GameObject: {fileID: 100000}
  m_Enabled: 1
  m_EditorHideFlags: 0
  m_Script: {fileID: 11500000, guid: d55dfe0943423ba45b3773193962d415, type: 3}
  m_Name: 
  m_EditorClassIdentifier: 
  sections: 
  optimizeDeactivation: 0
  canSpawnInLeftSlot: 0
  canSpawnInCenterSlot: 0
  canSpawnInRightSlot: 0
  canSpawnInAir: 0
  collectSpeed: .75
  rotationSpeed: 2
  rotationDelay: 0
  isLifeSaver: 0
--- !u!114 &11400028
MonoBehaviour:
  m_ObjectHideFlags: 1
  m_PrefabParentObject: {fileID: 0}
  m_PrefabInternal: {fileID: 100100000}
  m_GameObject: {fileID: 100006}
  m_Enabled: 1
  m_EditorHideFlags: 0
  m_Script: {fileID: 11500000, guid: d55dfe0943423ba45b3773193962d415, type: 3}
  m_Name: 
  m_EditorClassIdentifier: 
  sections: 
  optimizeDeactivation: 0
  canSpawnInLeftSlot: 0
  canSpawnInCenterSlot: 0
  canSpawnInRightSlot: 0
  canSpawnInAir: 0
  collectSpeed: .75
  rotationSpeed: 2
  rotationDelay: .600000024
  isLifeSaver: 0
--- !u!114 &11400030
MonoBehaviour:
  m_ObjectHideFlags: 1
  m_PrefabParentObject: {fileID: 0}
  m_PrefabInternal: {fileID: 100100000}
  m_GameObject: {fileID: 100030}
  m_Enabled: 1
  m_EditorHideFlags: 0
  m_Script: {fileID: 11500000, guid: cff1c7cd5695956498fe126b6a3a40a4, type: 3}
  m_Name: 
  m_EditorClassIdentifier: 
  avoidObjectRuleMaps:
  - targetObject: {fileID: 11400034}
    rules:
    - minDistanceSameObjectType: 0
      minDistance: 0
      minObjectSeparation: 1
      probability:
        startDistance: 0
        startValue: 1
        endDistance: 0
        endValue: 1
        useEndDistance: 0
  probabilityAdjustmentMaps: []
  avoidPlatforms:
  - platform: {fileID: 11400000, guid: 3f335d69fd795496ab61c1d7123ae7d0, type: 2}
    canSpawn: 0
  - platform: {fileID: 11400000, guid: bfd1ff2fb63894314a3d5cfff2047ebb, type: 2}
    canSpawn: 0
  - platform: {fileID: 11400000, guid: a5d8bedc93f154ebeb80b62ce0cfd7f0, type: 2}
    canSpawn: 0
  - platform: {fileID: 11400000, guid: bea679bb5b9394279bc266eb343f0df0, type: 2}
    canSpawn: 0
--- !u!114 &11400032
MonoBehaviour:
  m_ObjectHideFlags: 1
  m_PrefabParentObject: {fileID: 0}
  m_PrefabInternal: {fileID: 100100000}
  m_GameObject: {fileID: 100030}
  m_Enabled: 1
  m_EditorHideFlags: 0
  m_Script: {fileID: 11500000, guid: 1049419d8e4c2804288b95f897fd6039, type: 3}
  m_Name: 
  m_EditorClassIdentifier: 
  occurProbabilities:
    values:
    - startDistance: 0
      startValue: 1
      endDistance: 0
      endValue: 1
      useEndDistance: 0
    loop: 0
    loopBackToValue: 0
  noOccurProbabilities:
    values: []
    loop: 0
    loopBackToValue: 0
--- !u!114 &11400034
MonoBehaviour:
  m_ObjectHideFlags: 1
  m_PrefabParentObject: {fileID: 0}
  m_PrefabInternal: {fileID: 100100000}
  m_GameObject: {fileID: 100030}
  m_Enabled: 1
  m_EditorHideFlags: 0
  m_Script: {fileID: 11500000, guid: 5e071f73ee2437a4c85650ee4c2607a5, type: 3}
  m_Name: 
  m_EditorClassIdentifier: 
  sections: 0400000090010000
  optimizeDeactivation: 0
  canSpawnInLeftSlot: 0
  canSpawnInCenterSlot: 1
  canSpawnInRightSlot: 0
  canSpawnInAir: 0
--- !u!1001 &100100000
Prefab:
  m_ObjectHideFlags: 1
  serializedVersion: 2
  m_Modification:
    m_TransformParent: {fileID: 0}
    m_Modifications: []
    m_RemovedComponents: []
  m_ParentPrefab: {fileID: 0}
  m_RootGameObject: {fileID: 100030}
  m_IsPrefabParent: 1
  m_IsExploded: 1
