%YAML 1.1
%TAG !u! tag:unity3d.com,2011:
--- !u!29 &1
SceneSettings:
  m_ObjectHideFlags: 0
  m_PVSData: 
  m_PVSObjectsArray: []
  m_PVSPortalsArray: []
  m_OcclusionBakeSettings:
    smallestOccluder: 5
    smallestHole: .25
    backfaceThreshold: 100
--- !u!104 &2
RenderSettings:
  m_Fog: 0
  m_FogColor: {r: .5, g: .5, b: .5, a: 1}
  m_FogMode: 3
  m_FogDensity: .00999999978
  m_LinearFogStart: 0
  m_LinearFogEnd: 300
  m_AmbientLight: {r: .200000003, g: .200000003, b: .200000003, a: 1}
  m_SkyboxMaterial: {fileID: 0}
  m_HaloStrength: .5
  m_FlareStrength: 1
  m_FlareFadeSpeed: 3
  m_HaloTexture: {fileID: 0}
  m_SpotCookie: {fileID: 0}
  m_ObjectHideFlags: 0
--- !u!127 &3
LevelGameManager:
  m_ObjectHideFlags: 0
--- !u!157 &4
LightmapSettings:
  m_ObjectHideFlags: 0
  m_LightProbes: {fileID: 0}
  m_Lightmaps: []
  m_LightmapsMode: 1
  m_BakedColorSpace: 0
  m_UseDualLightmapsInForward: 0
  m_LightmapEditorSettings:
    m_Resolution: 50
    m_LastUsedResolution: 0
    m_TextureWidth: 1024
    m_TextureHeight: 1024
    m_BounceBoost: 1
    m_BounceIntensity: 1
    m_SkyLightColor: {r: .860000014, g: .930000007, b: 1, a: 1}
    m_SkyLightIntensity: 0
    m_Quality: 0
    m_Bounces: 1
    m_FinalGatherRays: 1000
    m_FinalGatherContrastThreshold: .0500000007
    m_FinalGatherGradientThreshold: 0
    m_FinalGatherInterpolationPoints: 15
    m_AOAmount: 0
    m_AOMaxDistance: .100000001
    m_AOContrast: 1
    m_LODSurfaceMappingDistance: 1
    m_Padding: 0
    m_TextureCompression: 0
    m_LockAtlas: 0
--- !u!196 &5
NavMeshSettings:
  m_ObjectHideFlags: 0
  m_BuildSettings:
    agentRadius: .5
    agentHeight: 2
    agentSlope: 45
    agentClimb: .400000006
    ledgeDropHeight: 0
    maxJumpAcrossDistance: 0
    accuratePlacement: 0
    minRegionArea: 2
    widthInaccuracy: 16.666666
    heightInaccuracy: 10
  m_NavMesh: {fileID: 0}
--- !u!1 &90814277
GameObject:
  m_ObjectHideFlags: 0
  m_PrefabParentObject: {fileID: 100000, guid: 33561fe1cb49f4669888b4f0873ce713, type: 2}
  m_PrefabInternal: {fileID: 0}
  serializedVersion: 4
  m_Component:
  - 4: {fileID: 90814278}
  - 23: {fileID: 90814281}
  - 33: {fileID: 90814280}
  - 114: {fileID: 90814279}
  m_Layer: 0
  m_Name: Line3
  m_TagString: Untagged
  m_Icon: {fileID: 0}
  m_NavMeshLayer: 0
  m_StaticEditorFlags: 0
  m_IsActive: 1
--- !u!4 &90814278
Transform:
  m_ObjectHideFlags: 0
  m_PrefabParentObject: {fileID: 400000, guid: 33561fe1cb49f4669888b4f0873ce713, type: 2}
  m_PrefabInternal: {fileID: 0}
  m_GameObject: {fileID: 90814277}
  m_LocalRotation: {x: 0, y: 0, z: 0, w: 1}
  m_LocalPosition: {x: 0, y: -.449999988, z: 0}
  m_LocalScale: {x: 100, y: .699999988, z: 1}
  m_Children: []
  m_Father: {fileID: 354221587}
--- !u!114 &90814279
MonoBehaviour:
  m_ObjectHideFlags: 0
  m_PrefabParentObject: {fileID: 11400002, guid: 33561fe1cb49f4669888b4f0873ce713,
    type: 2}
  m_PrefabInternal: {fileID: 0}
  m_GameObject: {fileID: 90814277}
  m_Enabled: 1
  m_EditorHideFlags: 0
  m_Script: {fileID: 11500000, guid: 3fac570381f34f647b768dc5a5aa1364, type: 3}
  m_Name: 
  m_EditorClassIdentifier: 
  collection: {fileID: 11400000, guid: 17fe79d5ee8b046f4a67c4dcaba1bdea, type: 2}
  _color: {r: 1, g: 1, b: 1, a: .701960802}
  _scale: {x: 1, y: 1, z: 1}
  _spriteId: 102
  boxCollider2D: {fileID: 0}
  polygonCollider2D: []
  edgeCollider2D: []
  boxCollider: {fileID: 0}
  meshCollider: {fileID: 0}
  meshColliderPositions: []
  meshColliderMesh: {fileID: 0}
  renderLayer: 0
--- !u!33 &90814280
MeshFilter:
  m_ObjectHideFlags: 0
  m_PrefabParentObject: {fileID: 3300000, guid: 33561fe1cb49f4669888b4f0873ce713,
    type: 2}
  m_PrefabInternal: {fileID: 0}
  m_GameObject: {fileID: 90814277}
  m_Mesh: {fileID: 0}
--- !u!23 &90814281
Renderer:
  m_ObjectHideFlags: 0
  m_PrefabParentObject: {fileID: 2300000, guid: 33561fe1cb49f4669888b4f0873ce713,
    type: 2}
  m_PrefabInternal: {fileID: 0}
  m_GameObject: {fileID: 90814277}
  m_Enabled: 1
  m_CastShadows: 1
  m_ReceiveShadows: 1
  m_LightmapIndex: 255
  m_LightmapTilingOffset: {x: 1, y: 1, z: 0, w: 0}
  m_Materials:
  - {fileID: 2100000, guid: 96cf6f917563c4913b685a11548b41e1, type: 2}
  m_SubsetIndices: 
  m_StaticBatchRoot: {fileID: 0}
  m_UseLightProbes: 0
  m_LightProbeAnchor: {fileID: 0}
  m_ScaleInLightmap: 1
  m_SortingLayer: 0
  m_SortingOrder: 0
  m_SortingLayerID: 0
--- !u!1 &182047113
GameObject:
  m_ObjectHideFlags: 0
  m_PrefabParentObject: {fileID: 100002, guid: 33561fe1cb49f4669888b4f0873ce713, type: 2}
  m_PrefabInternal: {fileID: 0}
  serializedVersion: 4
  m_Component:
  - 4: {fileID: 182047114}
  - 23: {fileID: 182047118}
  - 33: {fileID: 182047117}
  - 114: {fileID: 182047116}
  - 95: {fileID: 182047115}
  m_Layer: 0
  m_Name: Hand
  m_TagString: Untagged
  m_Icon: {fileID: 0}
  m_NavMeshLayer: 0
  m_StaticEditorFlags: 0
  m_IsActive: 1
--- !u!4 &182047114
Transform:
  m_ObjectHideFlags: 0
  m_PrefabParentObject: {fileID: 400002, guid: 33561fe1cb49f4669888b4f0873ce713, type: 2}
  m_PrefabInternal: {fileID: 0}
  m_GameObject: {fileID: 182047113}
  m_LocalRotation: {x: 0, y: 0, z: 0, w: 1}
  m_LocalPosition: {x: 2.88999939, y: -10, z: -1}
  m_LocalScale: {x: 1, y: 1, z: 1}
  m_Children: []
  m_Father: {fileID: 2085194228}
--- !u!95 &182047115
Animator:
  serializedVersion: 2
  m_ObjectHideFlags: 0
  m_PrefabParentObject: {fileID: 9500000, guid: 33561fe1cb49f4669888b4f0873ce713,
    type: 2}
  m_PrefabInternal: {fileID: 0}
  m_GameObject: {fileID: 182047113}
  m_Enabled: 1
  m_Avatar: {fileID: 0}
  m_Controller: {fileID: 0}
  m_CullingMode: 0
  m_ApplyRootMotion: 1
  m_AnimatePhysics: 0
  m_HasTransformHierarchy: 1
--- !u!114 &182047116
MonoBehaviour:
  m_ObjectHideFlags: 0
  m_PrefabParentObject: {fileID: 11400004, guid: 33561fe1cb49f4669888b4f0873ce713,
    type: 2}
  m_PrefabInternal: {fileID: 0}
  m_GameObject: {fileID: 182047113}
  m_Enabled: 1
  m_EditorHideFlags: 0
  m_Script: {fileID: 11500000, guid: 3fac570381f34f647b768dc5a5aa1364, type: 3}
  m_Name: 
  m_EditorClassIdentifier: 
  collection: {fileID: 11400000, guid: 17fe79d5ee8b046f4a67c4dcaba1bdea, type: 2}
  _color: {r: 1, g: 1, b: 1, a: 1}
  _scale: {x: 1, y: 1, z: 1}
  _spriteId: 156
  boxCollider2D: {fileID: 0}
  polygonCollider2D: []
  edgeCollider2D: []
  boxCollider: {fileID: 0}
  meshCollider: {fileID: 0}
  meshColliderPositions: []
  meshColliderMesh: {fileID: 0}
  renderLayer: 0
--- !u!33 &182047117
MeshFilter:
  m_ObjectHideFlags: 0
  m_PrefabParentObject: {fileID: 3300002, guid: 33561fe1cb49f4669888b4f0873ce713,
    type: 2}
  m_PrefabInternal: {fileID: 0}
  m_GameObject: {fileID: 182047113}
  m_Mesh: {fileID: 0}
--- !u!23 &182047118
Renderer:
  m_ObjectHideFlags: 0
  m_PrefabParentObject: {fileID: 2300002, guid: 33561fe1cb49f4669888b4f0873ce713,
    type: 2}
  m_PrefabInternal: {fileID: 0}
  m_GameObject: {fileID: 182047113}
  m_Enabled: 1
  m_CastShadows: 1
  m_ReceiveShadows: 1
  m_LightmapIndex: 255
  m_LightmapTilingOffset: {x: 1, y: 1, z: 0, w: 0}
  m_Materials:
  - {fileID: 2100000, guid: 96cf6f917563c4913b685a11548b41e1, type: 2}
  m_SubsetIndices: 
  m_StaticBatchRoot: {fileID: 0}
  m_UseLightProbes: 0
  m_LightProbeAnchor: {fileID: 0}
  m_ScaleInLightmap: 1
  m_SortingLayer: 0
  m_SortingOrder: 0
  m_SortingLayerID: 0
--- !u!1 &306677393
GameObject:
  m_ObjectHideFlags: 0
  m_PrefabParentObject: {fileID: 100004, guid: 33561fe1cb49f4669888b4f0873ce713, type: 2}
  m_PrefabInternal: {fileID: 0}
  serializedVersion: 4
  m_Component:
  - 4: {fileID: 306677394}
  - 33: {fileID: 306677397}
  - 23: {fileID: 306677396}
  - 114: {fileID: 306677395}
  m_Layer: 0
  m_Name: Title
  m_TagString: Untagged
  m_Icon: {fileID: 0}
  m_NavMeshLayer: 0
  m_StaticEditorFlags: 0
  m_IsActive: 1
--- !u!4 &306677394
Transform:
  m_ObjectHideFlags: 0
  m_PrefabParentObject: {fileID: 400004, guid: 33561fe1cb49f4669888b4f0873ce713, type: 2}
  m_PrefabInternal: {fileID: 0}
  m_GameObject: {fileID: 306677393}
  m_LocalRotation: {x: 0, y: 0, z: 0, w: 1}
  m_LocalPosition: {x: .430000007, y: 4.69999981, z: -.499999613}
  m_LocalScale: {x: 1, y: 1, z: 1}
  m_Children: []
  m_Father: {fileID: 2085194228}
--- !u!114 &306677395
MonoBehaviour:
  m_ObjectHideFlags: 0
  m_PrefabParentObject: {fileID: 11400006, guid: 33561fe1cb49f4669888b4f0873ce713,
    type: 2}
  m_PrefabInternal: {fileID: 0}
  m_GameObject: {fileID: 306677393}
  m_Enabled: 1
  m_EditorHideFlags: 0
  m_Script: {fileID: 11500000, guid: 994457055a9434b4aa7b65ad37262d67, type: 3}
  m_Name: 
  m_EditorClassIdentifier: 
  _font: {fileID: 0}
  _text: 
  _color: {r: 1, g: 1, b: 1, a: 1}
  _color2: {r: 1, g: 1, b: 1, a: 1}
  _useGradient: 0
  _textureGradient: 0
  _anchor: 6
  _scale: {x: 1, y: 1, z: 1}
  _kerning: 0
  _maxChars: 16
  _inlineStyling: 0
  _formatting: 0
  _wordWrapWidth: 0
  spacing: 0
  lineSpacing: 0
  data:
    version: 1
    font: {fileID: 11400000, guid: 8d217a3e1977941d08308f1e76d1eacb, type: 2}
    text: "BROUGHT TO\n           YOU BY"
    color: {r: 1, g: 1, b: 1, a: 1}
    color2: {r: 1, g: 1, b: 1, a: 1}
    useGradient: 0
    textureGradient: 0
    anchor: 3
    renderLayer: 0
    scale: {x: 1, y: 1, z: 1}
    kerning: 0
    maxChars: 50
    inlineStyling: 0
    formatting: 0
    wordWrapWidth: 0
    spacing: 0
    lineSpacing: 0
--- !u!23 &306677396
Renderer:
  m_ObjectHideFlags: 0
  m_PrefabParentObject: {fileID: 2300004, guid: 33561fe1cb49f4669888b4f0873ce713,
    type: 2}
  m_PrefabInternal: {fileID: 0}
  m_GameObject: {fileID: 306677393}
  m_Enabled: 1
  m_CastShadows: 1
  m_ReceiveShadows: 1
  m_LightmapIndex: 255
  m_LightmapTilingOffset: {x: 1, y: 1, z: 0, w: 0}
  m_Materials:
  - {fileID: 2100000, guid: 96cf6f917563c4913b685a11548b41e1, type: 2}
  m_SubsetIndices: 
  m_StaticBatchRoot: {fileID: 0}
  m_UseLightProbes: 0
  m_LightProbeAnchor: {fileID: 0}
  m_ScaleInLightmap: 1
  m_SortingLayer: 0
  m_SortingOrder: 0
  m_SortingLayerID: 0
--- !u!33 &306677397
MeshFilter:
  m_ObjectHideFlags: 0
  m_PrefabParentObject: {fileID: 3300004, guid: 33561fe1cb49f4669888b4f0873ce713,
    type: 2}
  m_PrefabInternal: {fileID: 0}
  m_GameObject: {fileID: 306677393}
  m_Mesh: {fileID: 0}
--- !u!1 &354221586
GameObject:
  m_ObjectHideFlags: 0
  m_PrefabParentObject: {fileID: 100006, guid: 33561fe1cb49f4669888b4f0873ce713, type: 2}
  m_PrefabInternal: {fileID: 0}
  serializedVersion: 4
  m_Component:
  - 4: {fileID: 354221587}
  m_Layer: 0
  m_Name: Line
  m_TagString: Untagged
  m_Icon: {fileID: 0}
  m_NavMeshLayer: 0
  m_StaticEditorFlags: 0
  m_IsActive: 1
--- !u!4 &354221587
Transform:
  m_ObjectHideFlags: 0
  m_PrefabParentObject: {fileID: 400006, guid: 33561fe1cb49f4669888b4f0873ce713, type: 2}
  m_PrefabInternal: {fileID: 0}
  m_GameObject: {fileID: 354221586}
  m_LocalRotation: {x: 0, y: 0, z: 0, w: 1}
  m_LocalPosition: {x: 20, y: -4.67000008, z: -1}
  m_LocalScale: {x: 1, y: 1, z: 1}
  m_Children:
  - {fileID: 1414356482}
  - {fileID: 1495948670}
  - {fileID: 90814278}
  - {fileID: 586257710}
  m_Father: {fileID: 2085194228}
--- !u!1 &586257709
GameObject:
  m_ObjectHideFlags: 0
  m_PrefabParentObject: {fileID: 100008, guid: 33561fe1cb49f4669888b4f0873ce713, type: 2}
  m_PrefabInternal: {fileID: 0}
  serializedVersion: 4
  m_Component:
  - 4: {fileID: 586257710}
  - 23: {fileID: 586257713}
  - 33: {fileID: 586257712}
  - 114: {fileID: 586257711}
  m_Layer: 0
  m_Name: Line4
  m_TagString: Untagged
  m_Icon: {fileID: 0}
  m_NavMeshLayer: 0
  m_StaticEditorFlags: 0
  m_IsActive: 1
--- !u!4 &586257710
Transform:
  m_ObjectHideFlags: 0
  m_PrefabParentObject: {fileID: 400008, guid: 33561fe1cb49f4669888b4f0873ce713, type: 2}
  m_PrefabInternal: {fileID: 0}
  m_GameObject: {fileID: 586257709}
  m_LocalRotation: {x: 0, y: 0, z: 0, w: 1}
  m_LocalPosition: {x: 0, y: -.699999988, z: 0}
  m_LocalScale: {x: 100, y: .699999988, z: 1}
  m_Children: []
  m_Father: {fileID: 354221587}
--- !u!114 &586257711
MonoBehaviour:
  m_ObjectHideFlags: 0
  m_PrefabParentObject: {fileID: 11400008, guid: 33561fe1cb49f4669888b4f0873ce713,
    type: 2}
  m_PrefabInternal: {fileID: 0}
  m_GameObject: {fileID: 586257709}
  m_Enabled: 1
  m_EditorHideFlags: 0
  m_Script: {fileID: 11500000, guid: 3fac570381f34f647b768dc5a5aa1364, type: 3}
  m_Name: 
  m_EditorClassIdentifier: 
  collection: {fileID: 11400000, guid: 17fe79d5ee8b046f4a67c4dcaba1bdea, type: 2}
  _color: {r: 1, g: 1, b: 1, a: 1}
  _scale: {x: 1, y: 1, z: 1}
  _spriteId: 102
  boxCollider2D: {fileID: 0}
  polygonCollider2D: []
  edgeCollider2D: []
  boxCollider: {fileID: 0}
  meshCollider: {fileID: 0}
  meshColliderPositions: []
  meshColliderMesh: {fileID: 0}
  renderLayer: 0
--- !u!33 &586257712
MeshFilter:
  m_ObjectHideFlags: 0
  m_PrefabParentObject: {fileID: 3300006, guid: 33561fe1cb49f4669888b4f0873ce713,
    type: 2}
  m_PrefabInternal: {fileID: 0}
  m_GameObject: {fileID: 586257709}
  m_Mesh: {fileID: 0}
--- !u!23 &586257713
Renderer:
  m_ObjectHideFlags: 0
  m_PrefabParentObject: {fileID: 2300006, guid: 33561fe1cb49f4669888b4f0873ce713,
    type: 2}
  m_PrefabInternal: {fileID: 0}
  m_GameObject: {fileID: 586257709}
  m_Enabled: 1
  m_CastShadows: 1
  m_ReceiveShadows: 1
  m_LightmapIndex: 255
  m_LightmapTilingOffset: {x: 1, y: 1, z: 0, w: 0}
  m_Materials:
  - {fileID: 2100000, guid: 96cf6f917563c4913b685a11548b41e1, type: 2}
  m_SubsetIndices: 
  m_StaticBatchRoot: {fileID: 0}
  m_UseLightProbes: 0
  m_LightProbeAnchor: {fileID: 0}
  m_ScaleInLightmap: 1
  m_SortingLayer: 0
  m_SortingOrder: 0
  m_SortingLayerID: 0
--- !u!1 &733268599
GameObject:
  m_ObjectHideFlags: 0
  m_PrefabParentObject: {fileID: 100012, guid: 33561fe1cb49f4669888b4f0873ce713, type: 2}
  m_PrefabInternal: {fileID: 0}
  serializedVersion: 4
  m_Component:
  - 4: {fileID: 733268600}
  - 23: {fileID: 733268603}
  - 33: {fileID: 733268602}
  - 114: {fileID: 733268601}
  m_Layer: 0
  m_Name: BG
  m_TagString: Untagged
  m_Icon: {fileID: 0}
  m_NavMeshLayer: 0
  m_StaticEditorFlags: 0
  m_IsActive: 1
--- !u!4 &733268600
Transform:
  m_ObjectHideFlags: 0
  m_PrefabParentObject: {fileID: 400012, guid: 33561fe1cb49f4669888b4f0873ce713, type: 2}
  m_PrefabInternal: {fileID: 0}
  m_GameObject: {fileID: 733268599}
  m_LocalRotation: {x: 0, y: 0, z: 0, w: 1}
  m_LocalPosition: {x: 0, y: 1.16999996, z: 0}
  m_LocalScale: {x: 1, y: 1, z: 1}
  m_Children: []
  m_Father: {fileID: 2085194228}
--- !u!114 &733268601
MonoBehaviour:
  m_ObjectHideFlags: 0
  m_PrefabParentObject: {fileID: 11400014, guid: 33561fe1cb49f4669888b4f0873ce713,
    type: 2}
  m_PrefabInternal: {fileID: 0}
  m_GameObject: {fileID: 733268599}
  m_Enabled: 1
  m_EditorHideFlags: 0
  m_Script: {fileID: 11500000, guid: 14088a148d1a83e4780e3db13db5b6ca, type: 3}
  m_Name: 
  m_EditorClassIdentifier: 
  collection: {fileID: 11400000, guid: 17fe79d5ee8b046f4a67c4dcaba1bdea, type: 2}
  _color: {r: 1, g: 1, b: 1, a: 1}
  _scale: {x: 1, y: 1, z: 1}
  _spriteId: 151
  boxCollider2D: {fileID: 0}
  polygonCollider2D: []
  edgeCollider2D: []
  boxCollider: {fileID: 0}
  meshCollider: {fileID: 0}
  meshColliderPositions: []
  meshColliderMesh: {fileID: 0}
  renderLayer: 0
  _dimensions: {x: 857.5, y: 1213}
  _anchor: 4
  _borderOnly: 0
  legacyMode: 0
  borderTop: 0
  borderBottom: 0
  borderLeft: .0137467021
  borderRight: .0151583115
  _createBoxCollider: 0
--- !u!33 &733268602
MeshFilter:
  m_ObjectHideFlags: 0
  m_PrefabParentObject: {fileID: 3300010, guid: 33561fe1cb49f4669888b4f0873ce713,
    type: 2}
  m_PrefabInternal: {fileID: 0}
  m_GameObject: {fileID: 733268599}
  m_Mesh: {fileID: 0}
--- !u!23 &733268603
Renderer:
  m_ObjectHideFlags: 0
  m_PrefabParentObject: {fileID: 2300010, guid: 33561fe1cb49f4669888b4f0873ce713,
    type: 2}
  m_PrefabInternal: {fileID: 0}
  m_GameObject: {fileID: 733268599}
  m_Enabled: 1
  m_CastShadows: 1
  m_ReceiveShadows: 1
  m_LightmapIndex: 255
  m_LightmapTilingOffset: {x: 1, y: 1, z: 0, w: 0}
  m_Materials:
  - {fileID: 2100000, guid: 96cf6f917563c4913b685a11548b41e1, type: 2}
  m_SubsetIndices: 
  m_StaticBatchRoot: {fileID: 0}
  m_UseLightProbes: 0
  m_LightProbeAnchor: {fileID: 0}
  m_ScaleInLightmap: 1
  m_SortingLayer: 0
  m_SortingOrder: 0
  m_SortingLayerID: 0
--- !u!1 &1111657480
GameObject:
  m_ObjectHideFlags: 0
  m_PrefabParentObject: {fileID: 100014, guid: 33561fe1cb49f4669888b4f0873ce713, type: 2}
  m_PrefabInternal: {fileID: 0}
  serializedVersion: 4
  m_Component:
  - 4: {fileID: 1111657481}
  - 23: {fileID: 1111657484}
  - 33: {fileID: 1111657483}
  - 114: {fileID: 1111657482}
  m_Layer: 0
  m_Name: Developmentinnovation
  m_TagString: Untagged
  m_Icon: {fileID: 0}
  m_NavMeshLayer: 0
  m_StaticEditorFlags: 0
  m_IsActive: 1
--- !u!4 &1111657481
Transform:
  m_ObjectHideFlags: 0
  m_PrefabParentObject: {fileID: 400014, guid: 33561fe1cb49f4669888b4f0873ce713, type: 2}
  m_PrefabInternal: {fileID: 0}
  m_GameObject: {fileID: 1111657480}
  m_LocalRotation: {x: 0, y: 0, z: 0, w: 1}
  m_LocalPosition: {x: 0, y: 2.18000007, z: -.5}
  m_LocalScale: {x: 1, y: 1, z: 1}
  m_Children: []
  m_Father: {fileID: 2085194228}
--- !u!114 &1111657482
MonoBehaviour:
  m_ObjectHideFlags: 0
  m_PrefabParentObject: {fileID: 11400016, guid: 33561fe1cb49f4669888b4f0873ce713,
    type: 2}
  m_PrefabInternal: {fileID: 0}
  m_GameObject: {fileID: 1111657480}
  m_Enabled: 1
  m_EditorHideFlags: 0
  m_Script: {fileID: 11500000, guid: 3fac570381f34f647b768dc5a5aa1364, type: 3}
  m_Name: 
  m_EditorClassIdentifier: 
  collection: {fileID: 11400000, guid: 17fe79d5ee8b046f4a67c4dcaba1bdea, type: 2}
  _color: {r: 1, g: 1, b: 1, a: 1}
  _scale: {x: 1, y: 1, z: 1}
  _spriteId: 157
  boxCollider2D: {fileID: 0}
  polygonCollider2D: []
  edgeCollider2D: []
  boxCollider: {fileID: 0}
  meshCollider: {fileID: 0}
  meshColliderPositions: []
  meshColliderMesh: {fileID: 0}
  renderLayer: 0
--- !u!33 &1111657483
MeshFilter:
  m_ObjectHideFlags: 0
  m_PrefabParentObject: {fileID: 3300012, guid: 33561fe1cb49f4669888b4f0873ce713,
    type: 2}
  m_PrefabInternal: {fileID: 0}
  m_GameObject: {fileID: 1111657480}
  m_Mesh: {fileID: 0}
--- !u!23 &1111657484
Renderer:
  m_ObjectHideFlags: 0
  m_PrefabParentObject: {fileID: 2300012, guid: 33561fe1cb49f4669888b4f0873ce713,
    type: 2}
  m_PrefabInternal: {fileID: 0}
  m_GameObject: {fileID: 1111657480}
  m_Enabled: 1
  m_CastShadows: 1
  m_ReceiveShadows: 1
  m_LightmapIndex: 255
  m_LightmapTilingOffset: {x: 1, y: 1, z: 0, w: 0}
  m_Materials:
  - {fileID: 2100000, guid: 96cf6f917563c4913b685a11548b41e1, type: 2}
  m_SubsetIndices: 
  m_StaticBatchRoot: {fileID: 0}
  m_UseLightProbes: 0
  m_LightProbeAnchor: {fileID: 0}
  m_ScaleInLightmap: 1
  m_SortingLayer: 0
  m_SortingOrder: 0
  m_SortingLayerID: 0
--- !u!1 &1155689592
GameObject:
  m_ObjectHideFlags: 0
  m_PrefabParentObject: {fileID: 0}
  m_PrefabInternal: {fileID: 0}
  serializedVersion: 4
  m_Component:
  - 4: {fileID: 1155689597}
  - 20: {fileID: 1155689596}
  - 92: {fileID: 1155689595}
  - 124: {fileID: 1155689594}
  - 81: {fileID: 1155689593}
  m_Layer: 0
  m_Name: Main Camera
  m_TagString: MainCamera
  m_Icon: {fileID: 0}
  m_NavMeshLayer: 0
  m_StaticEditorFlags: 0
  m_IsActive: 1
--- !u!81 &1155689593
AudioListener:
  m_ObjectHideFlags: 0
  m_PrefabParentObject: {fileID: 0}
  m_PrefabInternal: {fileID: 0}
  m_GameObject: {fileID: 1155689592}
  m_Enabled: 1
--- !u!124 &1155689594
Behaviour:
  m_ObjectHideFlags: 0
  m_PrefabParentObject: {fileID: 0}
  m_PrefabInternal: {fileID: 0}
  m_GameObject: {fileID: 1155689592}
  m_Enabled: 1
--- !u!92 &1155689595
Behaviour:
  m_ObjectHideFlags: 0
  m_PrefabParentObject: {fileID: 0}
  m_PrefabInternal: {fileID: 0}
  m_GameObject: {fileID: 1155689592}
  m_Enabled: 1
--- !u!20 &1155689596
Camera:
  m_ObjectHideFlags: 0
  m_PrefabParentObject: {fileID: 0}
  m_PrefabInternal: {fileID: 0}
  m_GameObject: {fileID: 1155689592}
  m_Enabled: 1
  serializedVersion: 2
  m_ClearFlags: 1
  m_BackGroundColor: {r: .192156866, g: .301960796, b: .474509805, a: .0196078438}
  m_NormalizedViewPortRect:
    serializedVersion: 2
    x: 0
    y: 0
    width: 1
    height: 1
  near clip plane: .300000012
  far clip plane: 1000
  field of view: 60
  orthographic: 1
  orthographic size: 8
  m_Depth: -1
  m_CullingMask:
    serializedVersion: 2
    m_Bits: 4294967295
  m_RenderingPath: -1
  m_TargetTexture: {fileID: 0}
  m_HDR: 0
  m_OcclusionCulling: 1
--- !u!4 &1155689597
Transform:
  m_ObjectHideFlags: 0
  m_PrefabParentObject: {fileID: 0}
  m_PrefabInternal: {fileID: 0}
  m_GameObject: {fileID: 1155689592}
  m_LocalRotation: {x: 0, y: 0, z: 0, w: 1}
  m_LocalPosition: {x: 0, y: 0, z: -10}
  m_LocalScale: {x: 1, y: 1, z: 1}
  m_Children: []
  m_Father: {fileID: 0}
--- !u!1 &1336410437
GameObject:
  m_ObjectHideFlags: 0
  m_PrefabParentObject: {fileID: 100016, guid: 33561fe1cb49f4669888b4f0873ce713, type: 2}
  m_PrefabInternal: {fileID: 0}
  serializedVersion: 4
  m_Component:
  - 4: {fileID: 1336410438}
  - 33: {fileID: 1336410441}
  - 23: {fileID: 1336410440}
  - 114: {fileID: 1336410439}
  m_Layer: 0
  m_Name: PowerBtn
  m_TagString: Untagged
  m_Icon: {fileID: 0}
  m_NavMeshLayer: 0
  m_StaticEditorFlags: 0
  m_IsActive: 1
--- !u!4 &1336410438
Transform:
  m_ObjectHideFlags: 0
  m_PrefabParentObject: {fileID: 400016, guid: 33561fe1cb49f4669888b4f0873ce713, type: 2}
  m_PrefabInternal: {fileID: 0}
  m_GameObject: {fileID: 1336410437}
  m_LocalRotation: {x: 0, y: 0, z: 0, w: 1}
  m_LocalPosition: {x: 2.33999991, y: 2.70000005, z: -.600000024}
  m_LocalScale: {x: 1, y: 1, z: 1}
  m_Children: []
  m_Father: {fileID: 2085194228}
--- !u!114 &1336410439
MonoBehaviour:
  m_ObjectHideFlags: 0
  m_PrefabParentObject: {fileID: 11400018, guid: 33561fe1cb49f4669888b4f0873ce713,
    type: 2}
  m_PrefabInternal: {fileID: 0}
  m_GameObject: {fileID: 1336410437}
  m_Enabled: 1
  m_EditorHideFlags: 0
  m_Script: {fileID: 11500000, guid: 3fac570381f34f647b768dc5a5aa1364, type: 3}
  m_Name: 
  m_EditorClassIdentifier: 
  collection: {fileID: 11400000, guid: 17fe79d5ee8b046f4a67c4dcaba1bdea, type: 2}
  _color: {r: 1, g: 1, b: 1, a: 1}
  _scale: {x: 1, y: 1, z: 1}
  _spriteId: 159
  boxCollider2D: {fileID: 0}
  polygonCollider2D: []
  edgeCollider2D: []
  boxCollider: {fileID: 0}
  meshCollider: {fileID: 0}
  meshColliderPositions: []
  meshColliderMesh: {fileID: 0}
  renderLayer: 0
--- !u!23 &1336410440
Renderer:
  m_ObjectHideFlags: 0
  m_PrefabParentObject: {fileID: 2300014, guid: 33561fe1cb49f4669888b4f0873ce713,
    type: 2}
  m_PrefabInternal: {fileID: 0}
  m_GameObject: {fileID: 1336410437}
  m_Enabled: 1
  m_CastShadows: 1
  m_ReceiveShadows: 1
  m_LightmapIndex: 255
  m_LightmapTilingOffset: {x: 1, y: 1, z: 0, w: 0}
  m_Materials:
  - {fileID: 2100000, guid: 96cf6f917563c4913b685a11548b41e1, type: 2}
  m_SubsetIndices: 
  m_StaticBatchRoot: {fileID: 0}
  m_UseLightProbes: 0
  m_LightProbeAnchor: {fileID: 0}
  m_ScaleInLightmap: 1
  m_SortingLayer: 0
  m_SortingOrder: 0
  m_SortingLayerID: 0
--- !u!33 &1336410441
MeshFilter:
  m_ObjectHideFlags: 0
  m_PrefabParentObject: {fileID: 3300014, guid: 33561fe1cb49f4669888b4f0873ce713,
    type: 2}
  m_PrefabInternal: {fileID: 0}
  m_GameObject: {fileID: 1336410437}
  m_Mesh: {fileID: 0}
--- !u!1 &1414356481
GameObject:
  m_ObjectHideFlags: 0
  m_PrefabParentObject: {fileID: 100018, guid: 33561fe1cb49f4669888b4f0873ce713, type: 2}
  m_PrefabInternal: {fileID: 0}
  serializedVersion: 4
  m_Component:
  - 4: {fileID: 1414356482}
  - 23: {fileID: 1414356485}
  - 33: {fileID: 1414356484}
  - 114: {fileID: 1414356483}
  m_Layer: 0
  m_Name: Line1
  m_TagString: Untagged
  m_Icon: {fileID: 0}
  m_NavMeshLayer: 0
  m_StaticEditorFlags: 0
  m_IsActive: 1
--- !u!4 &1414356482
Transform:
  m_ObjectHideFlags: 0
  m_PrefabParentObject: {fileID: 400018, guid: 33561fe1cb49f4669888b4f0873ce713, type: 2}
  m_PrefabInternal: {fileID: 0}
  m_GameObject: {fileID: 1414356481}
  m_LocalRotation: {x: 0, y: 0, z: 0, w: 1}
  m_LocalPosition: {x: 0, y: 0, z: 0}
  m_LocalScale: {x: 100, y: .400000006, z: 1}
  m_Children: []
  m_Father: {fileID: 354221587}
--- !u!114 &1414356483
MonoBehaviour:
  m_ObjectHideFlags: 0
  m_PrefabParentObject: {fileID: 11400020, guid: 33561fe1cb49f4669888b4f0873ce713,
    type: 2}
  m_PrefabInternal: {fileID: 0}
  m_GameObject: {fileID: 1414356481}
  m_Enabled: 1
  m_EditorHideFlags: 0
  m_Script: {fileID: 11500000, guid: 3fac570381f34f647b768dc5a5aa1364, type: 3}
  m_Name: 
  m_EditorClassIdentifier: 
  collection: {fileID: 11400000, guid: 17fe79d5ee8b046f4a67c4dcaba1bdea, type: 2}
  _color: {r: 1, g: 1, b: 1, a: .294117659}
  _scale: {x: 1, y: 1, z: 1}
  _spriteId: 102
  boxCollider2D: {fileID: 0}
  polygonCollider2D: []
  edgeCollider2D: []
  boxCollider: {fileID: 0}
  meshCollider: {fileID: 0}
  meshColliderPositions: []
  meshColliderMesh: {fileID: 0}
  renderLayer: 0
--- !u!33 &1414356484
MeshFilter:
  m_ObjectHideFlags: 0
  m_PrefabParentObject: {fileID: 3300016, guid: 33561fe1cb49f4669888b4f0873ce713,
    type: 2}
  m_PrefabInternal: {fileID: 0}
  m_GameObject: {fileID: 1414356481}
  m_Mesh: {fileID: 0}
--- !u!23 &1414356485
Renderer:
  m_ObjectHideFlags: 0
  m_PrefabParentObject: {fileID: 2300016, guid: 33561fe1cb49f4669888b4f0873ce713,
    type: 2}
  m_PrefabInternal: {fileID: 0}
  m_GameObject: {fileID: 1414356481}
  m_Enabled: 1
  m_CastShadows: 1
  m_ReceiveShadows: 1
  m_LightmapIndex: 255
  m_LightmapTilingOffset: {x: 1, y: 1, z: 0, w: 0}
  m_Materials:
  - {fileID: 2100000, guid: 96cf6f917563c4913b685a11548b41e1, type: 2}
  m_SubsetIndices: 
  m_StaticBatchRoot: {fileID: 0}
  m_UseLightProbes: 0
  m_LightProbeAnchor: {fileID: 0}
  m_ScaleInLightmap: 1
  m_SortingLayer: 0
  m_SortingOrder: 0
  m_SortingLayerID: 0
--- !u!1 &1495948669
GameObject:
  m_ObjectHideFlags: 0
  m_PrefabParentObject: {fileID: 100020, guid: 33561fe1cb49f4669888b4f0873ce713, type: 2}
  m_PrefabInternal: {fileID: 0}
  serializedVersion: 4
  m_Component:
  - 4: {fileID: 1495948670}
  - 23: {fileID: 1495948673}
  - 33: {fileID: 1495948672}
  - 114: {fileID: 1495948671}
  m_Layer: 0
  m_Name: Line2
  m_TagString: Untagged
  m_Icon: {fileID: 0}
  m_NavMeshLayer: 0
  m_StaticEditorFlags: 0
  m_IsActive: 1
--- !u!4 &1495948670
Transform:
  m_ObjectHideFlags: 0
  m_PrefabParentObject: {fileID: 400020, guid: 33561fe1cb49f4669888b4f0873ce713, type: 2}
  m_PrefabInternal: {fileID: 0}
  m_GameObject: {fileID: 1495948669}
  m_LocalRotation: {x: 0, y: 0, z: 0, w: 1}
  m_LocalPosition: {x: 0, y: -.200000003, z: 0}
  m_LocalScale: {x: 100, y: .400000006, z: 1}
  m_Children: []
  m_Father: {fileID: 354221587}
--- !u!114 &1495948671
MonoBehaviour:
  m_ObjectHideFlags: 0
  m_PrefabParentObject: {fileID: 11400022, guid: 33561fe1cb49f4669888b4f0873ce713,
    type: 2}
  m_PrefabInternal: {fileID: 0}
  m_GameObject: {fileID: 1495948669}
  m_Enabled: 1
  m_EditorHideFlags: 0
  m_Script: {fileID: 11500000, guid: 3fac570381f34f647b768dc5a5aa1364, type: 3}
  m_Name: 
  m_EditorClassIdentifier: 
  collection: {fileID: 11400000, guid: 17fe79d5ee8b046f4a67c4dcaba1bdea, type: 2}
  _color: {r: 1, g: 1, b: 1, a: .501960814}
  _scale: {x: 1, y: 1, z: 1}
  _spriteId: 102
  boxCollider2D: {fileID: 0}
  polygonCollider2D: []
  edgeCollider2D: []
  boxCollider: {fileID: 0}
  meshCollider: {fileID: 0}
  meshColliderPositions: []
  meshColliderMesh: {fileID: 0}
  renderLayer: 0
--- !u!33 &1495948672
MeshFilter:
  m_ObjectHideFlags: 0
  m_PrefabParentObject: {fileID: 3300018, guid: 33561fe1cb49f4669888b4f0873ce713,
    type: 2}
  m_PrefabInternal: {fileID: 0}
  m_GameObject: {fileID: 1495948669}
  m_Mesh: {fileID: 0}
--- !u!23 &1495948673
Renderer:
  m_ObjectHideFlags: 0
  m_PrefabParentObject: {fileID: 2300018, guid: 33561fe1cb49f4669888b4f0873ce713,
    type: 2}
  m_PrefabInternal: {fileID: 0}
  m_GameObject: {fileID: 1495948669}
  m_Enabled: 1
  m_CastShadows: 1
  m_ReceiveShadows: 1
  m_LightmapIndex: 255
  m_LightmapTilingOffset: {x: 1, y: 1, z: 0, w: 0}
  m_Materials:
  - {fileID: 2100000, guid: 96cf6f917563c4913b685a11548b41e1, type: 2}
  m_SubsetIndices: 
  m_StaticBatchRoot: {fileID: 0}
  m_UseLightProbes: 0
  m_LightProbeAnchor: {fileID: 0}
  m_ScaleInLightmap: 1
  m_SortingLayer: 0
  m_SortingOrder: 0
  m_SortingLayerID: 0
--- !u!1 &1504435965
GameObject:
  m_ObjectHideFlags: 0
  m_PrefabParentObject: {fileID: 100022, guid: 33561fe1cb49f4669888b4f0873ce713, type: 2}
  m_PrefabInternal: {fileID: 0}
  serializedVersion: 4
  m_Component:
  - 4: {fileID: 1504435966}
  - 33: {fileID: 1504435969}
  - 23: {fileID: 1504435968}
  - 114: {fileID: 1504435967}
  m_Layer: 0
  m_Name: LoadingText
  m_TagString: Untagged
  m_Icon: {fileID: 0}
  m_NavMeshLayer: 0
  m_StaticEditorFlags: 0
  m_IsActive: 1
--- !u!4 &1504435966
Transform:
  m_ObjectHideFlags: 0
  m_PrefabParentObject: {fileID: 400022, guid: 33561fe1cb49f4669888b4f0873ce713, type: 2}
  m_PrefabInternal: {fileID: 0}
  m_GameObject: {fileID: 1504435965}
  m_LocalRotation: {x: 0, y: 0, z: 0, w: 1}
  m_LocalPosition: {x: 0, y: -6.40999985, z: -1}
  m_LocalScale: {x: 1, y: 1, z: 1}
  m_Children: []
  m_Father: {fileID: 2085194228}
--- !u!114 &1504435967
MonoBehaviour:
  m_ObjectHideFlags: 0
  m_PrefabParentObject: {fileID: 11400024, guid: 33561fe1cb49f4669888b4f0873ce713,
    type: 2}
  m_PrefabInternal: {fileID: 0}
  m_GameObject: {fileID: 1504435965}
  m_Enabled: 1
  m_EditorHideFlags: 0
  m_Script: {fileID: 11500000, guid: 994457055a9434b4aa7b65ad37262d67, type: 3}
  m_Name: 
  m_EditorClassIdentifier: 
  _font: {fileID: 0}
  _text: 
  _color: {r: 1, g: 1, b: 1, a: 1}
  _color2: {r: 1, g: 1, b: 1, a: 1}
  _useGradient: 0
  _textureGradient: 0
  _anchor: 6
  _scale: {x: 1, y: 1, z: 1}
  _kerning: 0
  _maxChars: 16
  _inlineStyling: 0
  _formatting: 0
  _wordWrapWidth: 0
  spacing: 0
  lineSpacing: 0
  data:
    version: 1
    font: {fileID: 11400000, guid: 222b8049bde974ce096f1f9daf09c6f3, type: 2}
    text: Loading...
    color: {r: 1, g: 1, b: 1, a: 1}
    color2: {r: 1, g: 1, b: 1, a: 1}
    useGradient: 0
    textureGradient: 0
    anchor: 4
    renderLayer: 0
    scale: {x: 1, y: 1, z: 1}
    kerning: 0
    maxChars: 25
    inlineStyling: 0
    formatting: 0
    wordWrapWidth: 0
    spacing: 0
    lineSpacing: 0
--- !u!23 &1504435968
Renderer:
  m_ObjectHideFlags: 0
  m_PrefabParentObject: {fileID: 2300020, guid: 33561fe1cb49f4669888b4f0873ce713,
    type: 2}
  m_PrefabInternal: {fileID: 0}
  m_GameObject: {fileID: 1504435965}
  m_Enabled: 1
  m_CastShadows: 1
  m_ReceiveShadows: 1
  m_LightmapIndex: 255
  m_LightmapTilingOffset: {x: 1, y: 1, z: 0, w: 0}
  m_Materials:
  - {fileID: 2100000, guid: 96cf6f917563c4913b685a11548b41e1, type: 2}
  m_SubsetIndices: 
  m_StaticBatchRoot: {fileID: 0}
  m_UseLightProbes: 0
  m_LightProbeAnchor: {fileID: 0}
  m_ScaleInLightmap: 1
  m_SortingLayer: 0
  m_SortingOrder: 0
  m_SortingLayerID: 0
--- !u!33 &1504435969
MeshFilter:
  m_ObjectHideFlags: 0
  m_PrefabParentObject: {fileID: 3300020, guid: 33561fe1cb49f4669888b4f0873ce713,
    type: 2}
  m_PrefabInternal: {fileID: 0}
  m_GameObject: {fileID: 1504435965}
  m_Mesh: {fileID: 0}
--- !u!1 &2085194227
GameObject:
  m_ObjectHideFlags: 0
  m_PrefabParentObject: {fileID: 100024, guid: 33561fe1cb49f4669888b4f0873ce713, type: 2}
  m_PrefabInternal: {fileID: 0}
  serializedVersion: 4
  m_Component:
  - 4: {fileID: 2085194228}
  - 114: {fileID: 2085194229}
  m_Layer: 0
  m_Name: LoadingScreen
  m_TagString: Untagged
  m_Icon: {fileID: 0}
  m_NavMeshLayer: 0
  m_StaticEditorFlags: 0
  m_IsActive: 1
--- !u!4 &2085194228
Transform:
  m_ObjectHideFlags: 0
  m_PrefabParentObject: {fileID: 400024, guid: 33561fe1cb49f4669888b4f0873ce713, type: 2}
  m_PrefabInternal: {fileID: 0}
  m_GameObject: {fileID: 2085194227}
  m_LocalRotation: {x: 0, y: 0, z: 0, w: 1}
  m_LocalPosition: {x: 0, y: -1.16999996, z: 0}
  m_LocalScale: {x: 1, y: 1, z: 1}
  m_Children:
  - {fileID: 733268600}
  - {fileID: 182047114}
  - {fileID: 1111657481}
  - {fileID: 1504435966}
  - {fileID: 1336410438}
  - {fileID: 354221587}
  - {fileID: 306677394}
  m_Father: {fileID: 0}
--- !u!114 &2085194229
MonoBehaviour:
  m_ObjectHideFlags: 0
  m_PrefabParentObject: {fileID: 11400000, guid: 33561fe1cb49f4669888b4f0873ce713,
    type: 2}
  m_PrefabInternal: {fileID: 0}
  m_GameObject: {fileID: 2085194227}
  m_Enabled: 1
  m_EditorHideFlags: 0
  m_Script: {fileID: 11500000, guid: c8fa2f7f537e54ea482836b71cc6c684, type: 3}
  m_Name: 
  m_EditorClassIdentifier: 
